2204 3765
545 85 743 126 BRUNO
776 86 856 126 DE
890 88 1084 129 BELLO
1120 90 1428 132 SAXONICO.
1860 104 1910 141 11

66 221 273 300 labores
320 221 376 270 in
425 238 546 272 suos
597 240 723 273 usus
773 235 1117 293 comportare,
1168 226 1356 278 liberos
1404 228 1640 280 homines
1678 232 1743 282 ad
1783 252 1912 302 opus

68 288 256 342 servile
295 288 623 358 compellere,
677 291 810 343 filias
848 293 932 344 vel
969 313 1161 347 uxores
1199 295 1395 347 alienas
1431 297 1656 349 ludibrio
1695 300 1914 354 habere:

65 367 192 412 tunc
229 358 459 427 primum
497 359 623 428 quid
648 359 737 412 illa
762 362 974 413 castella
1001 364 1373 431 portenderent
1399 365 1779 433 intellexerunt,
1820 390 1913 422 nec

67 436 247 480 tamen
306 426 478 477 adhuc
539 430 779 481 resistere
835 430 916 481 vel
973 450 1027 481 se
1089 432 1364 484 defendere
1428 448 1911 505 praesumpserunt.

66 496 298 548 Tantum
335 495 411 546 illi
448 498 540 565 qui
575 496 932 563 laedebantur,
973 499 1209 567 querelas
1249 501 1452 552 occulte
1485 503 1747 556 faciebant
1773 508 1914 574 apud

65 565 199 631 illos,
239 565 330 635 qui
365 564 574 633 longius
612 585 642 616 a
679 566 904 617 castellis
941 569 1162 618 remotia
1200 569 1358 619 nichil
1397 570 1568 621 adhuc
1606 574 1725 623 mali
1755 578 1914 642 patie-

63 634 274 687 bantur.
346 633 521 685 Illaesi
565 653 689 687 vero
746 635 870 685 dum
908 634 1060 686 laesis
1100 637 1353 687 auxilium
1392 639 1524 690 ferre
1563 641 1915 709 negligebant,

67 703 335 772 tyrannidi
372 704 511 754 vires
549 704 603 753 in
640 721 694 754 se
731 705 875 771 ipsos
912 704 1228 756 tribuebant.
1291 707 1425 757 Nam
1465 709 1530 760 ab
1569 711 1810 775 agricolis
1848 713 1916 764 ad

64 771 333 835 militares,
372 791 403 822 a
439 780 607 823 terrae
645 771 902 822 fructibus
940 772 1007 823 ad
1044 772 1338 826 libertatem
1377 777 1710 829 adimendam
1739 800 1912 832 aseen-

66 841 165 908 dit,
205 851 256 893 et
291 841 624 893 Fridericum
661 840 726 892 de
762 841 957 905 Monte,
998 844 1087 910 qui
1124 845 1257 894 inter
1294 844 1485 896 liberos
1523 847 1758 899 homines
1797 850 1913 901 ver

66 910 270 963 nobiles
310 911 537 961 eximius
575 908 883 968 habebatur,
923 910 1177 962 famulum
1217 931 1368 964 suum
1408 934 1519 965 esse
1547 935 1641 966 rex
1667 921 1913 984 asseruit3

69 978 498 1033 Willehalmum⁰
537 997 761 1047 quoque,
801 980 892 1047 qui
928 989 1142 1048 propter
1177 983 1396 1032 nimium
1437 983 1631 1035 cultum
1669 989 1748 1036 sui
1787 999 1910 1037 rex¹

67 1049 134 1102 de
181 1047 536 1100 Lotheslovod
581 1046 970 1116 appellabatur,
1022 1058 1167 1101 tanta
1213 1051 1518 1104 erudelitate
1570 1058 1913 1123 persequitur,

69 1120 195 1189 quia
230 1117 396 1170 multa
433 1118 481 1169 ei
518 1125 666 1168 erant
701 1118 918 1185 praedia
955 1118 1045 1168 sed
1082 1136 1187 1169 non
1224 1119 1386 1170 multa
1412 1122 1680 1188 sapientia,
1720 1133 1776 1174 ut
1801 1143 1915 1192 pro-

67 1197 186 1258 pter
222 1187 317 1238 hos
355 1185 488 1237 duos
526 1186 593 1238 ab
633 1186 776 1236 omni
815 1185 1050 1237 Saxonia
1086 1189 1370 1257 praecipue
1408 1189 1546 1240 facta
1574 1192 1639 1241 sit
1665 1191 1914 1244 adversus

67 1275 248 1326 regem
294 1256 601 1319 coniuratio,
650 1256 891 1323 quamvis
930 1254 996 1306 ab
1035 1256 1165 1324 ipsis
1205 1256 1412 1308 duobus
1450 1260 1677 1327 pessima
1713 1262 1916 1313 reddita

69 1327 138 1379 sit
185 1325 475 1377 retributio.
548 1325 687 1375 Nam
736 1333 1015 1394 postquam
1057 1327 1295 1377 »Saxones
1333 1329 1543 1380 *onmes
1582 1330 1914 1382 manifestum

68 1397 176 1448 iam
225 1403 409 1446 contra
456 1412 638 1462 regem
686 1392 883 1445 bellum
933 1403 1237 1462 coeperunt,
1282 1394 1357 1446 illi
1407 1397 1508 1448 duo
1556 1397 1677 1450 fidei
1715 1400 1914 1452 iuratae

69 1465 234 1531 obliti,
272 1465 429 1533 primi
465 1463 648 1515 relicta
684 1464 854 1532 patria
898 1464 1199 1530 transfugae
1236 1464 1364 1516 viles
1402 1466 1469 1517 ad
1505 1467 1676 1519 hostes
1715 1468 1913 1521 defece-

68 1542 206 1587 runt.
281 1535 400 1586 Hoc
435 1551 562 1585 vero
601 1541 785 1601 postea
822 1531 1038 1601 patebit.

215 1604 294 1655 17.
370 1603 514 1655 Gens
560 1620 684 1654 vero
732 1602 1031 1653 Suevorum
1079 1602 1260 1653 audita
1298 1603 1568 1655 Saxonum
1620 1606 1913 1660 calamitate

70 1672 206 1725 clam
243 1672 445 1742 legatos
485 1689 606 1723 suos
644 1670 713 1721 ad
748 1670 862 1722 illos
901 1671 1045 1722 misit
1089 1680 1140 1723 et
1186 1672 1371 1723 foedus
1412 1691 1531 1724 cum
1570 1676 1643 1725 eis
1681 1676 1818 1734 fecit,
1857 1686 1915 1729 ut

68 1750 255 1795 neuter
290 1741 519 1811 populus
557 1740 626 1791 ad
663 1739 876 1792 alterius
903 1742 1299 1810 oppressionem
1326 1743 1440 1811 regi
1464 1743 1621 1794 ferret
1645 1745 1914 1797 auxilium.

69 1811 297 1864 Volebat
346 1813 487 1862 enim
531 1828 628 1861 rex
676 1811 835 1860 etiam
875 1809 1079 1861 Suevos
1117 1811 1376 1862 violenter
1414 1813 1724 1880 opprimere,
1774 1824 1823 1866 et
1860 1823 1915 1866 ut

69 1881 170 1933 sibi
217 1880 282 1932 de
327 1880 558 1950 praediis
609 1879 715 1930 suis
763 1878 1044 1931 redderent
1095 1880 1292 1932 tributa
1348 1881 1675 1950 compellere.
1759 1883 1916 1947 Quod

66 1951 252 2003 foedus
293 1950 531 2001 Saxones
579 1949 623 1999 si
670 1947 898 2000 fideliter
945 1959 1256 2015 servassent,
1305 1958 1354 2002 et
1404 1949 1470 2000 ab
1508 1951 1752 2002 infamiae
1803 1972 1915 2021 per-

65 2020 224 2072 fidiae
262 2027 314 2071 et
350 2037 382 2070 a
416 2035 611 2087 magna
647 2026 797 2086 parte
835 2016 1145 2070 calamitatis
1184 2018 1336 2071 liberi
1371 2019 1603 2070 fuissent.

208 2090 288 2141 18.
364 2087 647 2156 Sigifridus
696 2087 1038 2155 Magontinae
1092 2088 1228 2139 sedis
1279 2088 1659 2157 archipraesul,
1710 2092 1914 2142 VVerin-

64 2157 189 2210 hero
215 2157 728 2227 Magedaburgensif
766 2166 817 2208 et
842 2157 1150 2208 Burchardo
1187 2157 1606 2209 Halberstatensi
1654 2161 1914 2229 episcopis

64 2226 263 2280 litteras
303 2228 633 2297 querimonia
668 2225 850 2295 plenas
888 2227 1044 2291 misit,
1086 2227 1228 2295 quod
1264 2246 1359 2278 rex
1396 2228 1450 2277 in
1484 2229 1792 2298 episcopatu
1821 2247 1914 2280 suo

63 2297 182 2349 loca
218 2295 650 2366 praedationibus
695 2295 953 2347 faciendis
992 2304 1115 2364 apta
1153 2295 1412 2365 elegisset,
1458 2298 1748 2366 positisque
1786 2299 1916 2350 inibi

65 2367 293 2419 castellis
331 2375 383 2418 et
419 2365 713 2435 praesidiis,
751 2364 916 2416 multa
954 2364 1092 2415 mala
1129 2365 1287 2417 rebus
1328 2384 1453 2417 suae
1492 2366 1742 2418 ecclesiae
1779 2367 1915 2418 face-

65 2444 160 2488 ret.
243 2436 476 2503 Rogavit.
536 2436 694 2486 etiam
748 2434 803 2484 in
850 2434 1049 2485 eisdem
1103 2434 1313 2501 litteris,
1373 2444 1629 2504 quatenus
1681 2455 1734 2487 se
1793 2455 1912 2487 eum

63 2505 288 2557 Annone
329 2503 630 2556 Coloniensi
666 2503 1068 2572 archiepiscopo
1107 2503 1412 2555 fidelissimo
1450 2503 1659 2556 foedere
1700 2506 1912 2556 coniun-

63 2583 272 2644 gerent,
310 2593 418 2625 non
455 2573 596 2643 quod
635 2572 869 2642 qualibet
904 2573 1180 2624 inimicitia
1205 2572 1504 2638 dissilirent,
1542 2573 1633 2624 sed
1661 2576 1913 2643 quianon

62 2643 182 2697 talis
219 2644 450 2695 amicitia
487 2661 575 2694 eos
612 2641 834 2693 fideliter
869 2640 1139 2702 adunaret,
1177 2650 1235 2692 ut
1271 2652 1492 2711 uterque
1529 2642 1675 2694 alteri
1714 2650 1914 2694 secreta

63 2732 160 2766 sua
209 2713 438 2778 credere,
486 2713 622 2763 sicut
669 2710 838 2776 vellet,
883 2711 1117 2762 auderet.
1192 2710 1311 2762 Hoc
1359 2719 1533 2762 autem
1571 2713 1711 2762 omni
1748 2729 1909 2780 regno

62 2783 175 2835 fore
210 2784 592 2847 necessarium,
631 2781 756 2850 quia
782 2781 825 2831 si
849 2778 924 2829 illi
950 2780 1072 2841 duo,
1112 2780 1203 2849 qui
1228 2781 1452 2832 maiores
1481 2789 1626 2832 erant
1651 2782 1704 2830 in
1731 2799 1909 2849 regno,

60 2851 287 2904 fideliter
344 2852 400 2902 in
455 2869 618 2902 unum
672 2851 1030 2916 convenirent,
1083 2851 1138 2900 in
1191 2848 1355 2900 multa
1410 2850 1686 2900 securitate
1742 2858 1910 2900 totum

61 2939 285 2991 regnum
321 2921 634 2972 constituere
671 2920 983 2989 potuissent.
1047 2919 1164 2970 Hoc
1201 2926 1377 2970 autem
1413 2917 1526 2969 illos
1554 2919 1684 2969 duos
1713 2920 1909 2985 episco-

63 3008 161 3060 pos
198 3008 260 3042 eo
297 2989 450 3041 facile
489 2988 695 3041 efficere
731 3007 904 3057 posse,
945 3007 1047 3057 quo
1086 2988 1216 3039 alter
1252 3005 1449 3049 eorum,
1502 2986 1698 3038 scilicet
1733 2987 1908 3053 Mage-

62 3059 440 3128 daburgensis‚
495 3067 631 3110 esset
678 3058 863 3125 frater,
913 3058 1042 3109 alter
1091 3075 1215 3109 vero
1267 3055 1610 3108 consobrinus
1667 3057 1907 3125 superius

61 3191 100 3233 a)
123 3194 177 3224 ita
204 3194 246 3233 2;
282 3195 417 3225 semoti
444 3196 477 3225 1.
602 3194 640 3233 b)
666 3197 703 3226 et
729 3195 762 3225 2.
889 3191 922 3233 0)
952 3193 1202 3224 wilhelmum
1232 3193 1262 3221 1.
1299 3191 1358 3221 sed
1383 3189 1485 3229 infra
1520 3190 1583 3222 illa
1608 3189 1761 3220 nominis
1779 3188 1905 3226 forma

63 3243 250 3281 aliquoties
277 3243 443 3273 occurrit.
558 3241 595 3284 d)
624 3244 817 3275 Lutisleve
847 3243 879 3275 2.
992 3240 1027 3281 e)
1056 3241 1225 3271 infancie
1255 3240 1287 3269 1.
1401 3238 1429 3278 f)
1458 3239 1509 3269 ita
1535 3246 1610 3269 cum
1638 3239 1671 3269 2.
1699 3236 1903 3272 scribimus,-

63 3292 242 3330 Magdab.
271 3295 302 3321 et
329 3292 504 3329 Magdeb.
537 3293 568 3323 1.

69 3387 114 3441 1)
148 3389 272 3429 Idem
306 3402 517 3442 aynome‘n
548 3387 671 3440 infra
706 3406 739 3432 c.
775 3388 845 3426 26.
881 3393 920 3427 et
953 3401 986 3426 0.
1020 3386 1093 3426 45.
1125 3384 1347 3436 repetitur.
1408 3381 1465 3422 W.

1935 1336 1998 1378 *]›.
2019 1340 2102 1372 335.
