2204 3765
534 89 736 131 BRUNO
770 91 852 130 DE
886 91 1082 132 BELLO
1118 92 1429 134 SAXONICO.
1843 100 1896 139 25

65 227 188 280 hinc
224 226 384 278 frater
407 244 557 290 unUS,
595 224 737 276 illine
765 236 925 278 staret
950 228 1095 280 alius.
1168 229 1318 280 Multi
1345 232 1499 281 etiam
1528 232 1591 281 dc
1619 233 1900 286 maioribus
1922 250 2023 283 1074.

67 297 157 367 qui
195 295 336 347 bona
384 296 439 345 in
487 295 722 363 utrisque
767 295 1070 363 regionibus
1116 296 1395 361 habebant,
1443 310 1498 350 ut
1536 311 1753 368 utraque
1801 322 1900 352 ser-

63 374 262 430 varent,
301 373 486 433 sponte
513 381 608 415 sua
632 364 716 414 hic
753 364 933 415 relicto
972 364 1077 415 filio
1104 367 1214 417 sive
1253 368 1407 418 fratre
1435 368 1500 418 ad
1529 388 1702 437 regem
1741 382 1901 420 trans-

6 495 9 497 ,
65 436 241 498 ibant,
287 433 372 484 vel
415 435 518 502 ipsi
564 433 649 483 hic
697 441 1050 498 remanentes,
1097 435 1281 486 fratres
1326 436 1407 486 vel
1452 437 1582 487 tilios
1621 439 1686 488 ad
1727 458 1902 506 regem

64 502 374 567 transibant,
412 501 496 554 vel
532 503 635 571 ipsi
659 500 744 552 hic
769 511 1112 565 remanentes,
1152 504 1335 555 fratres
1372 506 1454 556 vcl
1478 505 1611 556 filios
1638 507 1701 556 ad
1728 526 1902 570 reg-0111

64 573 503 626 transmittebant.
563 570 850 640 Plerosque
877 570 1113 621 militaris
1142 573 1335 623 ordinis
1363 574 1427 624 ad
1456 593 1509 624 se
1537 576 1720 626 eodem
1749 577 1903 626 modo

64 641 308 707 vocabat,
348 649 399 693 et
435 649 592 711 prout
630 640 882 709 cuiusque
919 642 1152 690 animum
1195 644 1562 710 cognoscebat,
1608 646 1759 695 minis
1797 647 1904 697 sive

65 710 506 782 promissionibus
544 709 611 762 ad
649 708 843 760 bellum
883 708 1034 761 civile
1073 709 1399 763 sollicitabat.
1474 713 1646 763 Etiam
1685 714 1903 765 famulos

63 780 132 832 ad
170 799 224 832 se
261 789 477 832 vocatos
513 797 620 830 non
657 778 969 847 dedignatur
1007 796 1170 845 orare,
1207 789 1265 832 ut
1302 781 1383 832 vel
1421 783 1776 833 interficiendo
1821 783 1905 834 vel

65 850 354 902 deserendo
404 849 671 915 dominos,
720 856 1045 899 mererentur
1091 848 1330 901 libertate
1387 850 1567 901 donari
1624 852 1701 904 vel
1750 854 1902 903 etiam

65 919 265 971 domini
310 919 642 970 dominorum
693 935 906 968 suorum
955 917 1084 968 fieri.
1172 919 1275 969 Sed
1314 919 1441 970 haec
1489 923 1661 972 onmia
1702 922 1906 974 occulta

65 996 212 1042 erant
248 988 448 1054 adhuc,
487 989 611 1057 quia
649 988 691 1038 si
731 988 848 1056 quis
877 987 924 1038 ei
951 1005 1105 1037 suum
1131 987 1338 1040 iurabat
1363 989 1695 1055 adiutorium,
1736 993 1904 1044 iurare

66 1058 356 1128 cogebatur
393 1058 627 1109 eiusdem
663 1055 818 1108 fidele
856 1056 1135 1108 silentium.

202 1128 286 1179 38.
360 1126 505 1192 Quid
553 1127 726 1178 dicam
775 1125 917 1196 quod
964 1128 1245 1195 episcopis,
1299 1145 1429 1194 quos
1480 1128 1531 1177 in
1578 1146 1695 1178 suas
1735 1139 1905 1197 partes

63 1198 269 1249 trahere
313 1215 419 1248 non
464 1204 686 1265 poterat,
735 1196 1037 1246 huiusmodi
1086 1196 1223 1247 dona
1271 1197 1525 1257 mittebat,
1574 1197 1760 1266 quibus
1810 1198 1906 1249 illis

63 1267 428 1337 episcopatum
467 1267 663 1335 pariter
701 1275 752 1317 et
789 1266 950 1316 vitam
977 1265 1247 1331 adimeret,
1287 1276 1540 1334 quatenus
1568 1266 1645 1317 his
1673 1269 1906 1334 personis

62 1336 209 1388 daret
246 1337 628 1405 episcopatum,
666 1336 754 1405 qui
793 1353 918 1386 suae
964 1335 1220 1386 voluntati
1267 1335 1577 1403 praeberent
1620 1338 1684 1387 ad
1735 1340 1908 1389 omnia

64 1424 394 1458 consensum.
476 1407 579 1457 Per
617 1404 880 1474 quendam
927 1404 1198 1455 fallacema
1246 1406 1557 1456 monachum
1599 1406 1905 1459 XVerinhero

60 1476 542 1546 Magedaburgensi
579 1474 979 1544 archiepiscopo
1026 1474 1296 1544 pulverem
1343 1476 1749 1543 pigmentarium
1796 1495 1905 1527 mu-

60 1564 160 1597 nus
187 1546 458 1614 egregium
484 1546 641 1611 misit,
669 1563 825 1614 quem
853 1552 1035 1595 contra
1062 1544 1251 1596 multas
1272 1545 1624 1613 aegritudines
1646 1545 1905 1596 salubrem

61 1616 163 1668 sibi
199 1616 265 1667 ab
293 1615 447 1666 Italia
483 1633 515 1665 a
539 1623 704 1667 matre
742 1633 837 1666 sua
861 1616 1224 1665 transmissum
1254 1633 1365 1666 esse
1403 1615 1685 1668 mandavit.
1744 1615 1905 1667 Cuius

60 1695 263 1754 partem
303 1693 509 1737 crustae
547 1687 697 1753 panis
734 1686 986 1736 insertam
1025 1684 1197 1735 catulo
1237 1683 1349 1734 dari
1385 1686 1711 1753 praecepith3
1761 1704 1898 1736 cum-

61 1774 163 1825 que
204 1756 315 1807 sine
354 1773 502 1806 mora
537 1755 671 1805 mori
707 1754 956 1820 vidimus,
995 1762 1046 1805 et
1083 1755 1206 1824 quia
1244 1754 1522 1823 episcopus
1561 1754 1715 1806 talem
1746 1754 1904 1806 medi-

60 1826 234 1876 cinam
271 1843 374 1876 non
411 1831 717 1892 gustaverat
751 1824 930 1875 laetati
967 1842 1162 1875 sumus.

196 1896 278 1947 39.
355 1894 460 1946 Sed
510 1903 793 1963 postquam
839 1893 968 1946 haec
1019 1895 1196 1944 omnia
1240 1893 1410 1944 famae
1466 1893 1756 1962 loquacitas
1811 1912 1905 1961 per

61 1963 350 2017 Saxoniam
378 1967 554 2034 coepit
578 1964 899 2034 praedicare,
939 1972 990 2015 et
1019 1963 1158 2014 mala
1183 1963 1357 2014 futura
1383 1963 1562 2014 eodem
1593 1981 1695 2032 quo
1723 1972 1905 2030 postca

57 2033 343 2086 veniebant
368 2035 550 2086 ordine
574 2033 897 2103 praedicere,
924 2033 1076 2103 plebs
1106 2033 1336 2103 quidem,
1371 2052 1503 2102 quae
1531 2051 1715 2084 causas
1742 2033 1906 2083 nescit

56 2122 295 2173 pensare,
331 2102 553 2156 laetatur
591 2113 642 2156 et
679 2122 860 2155 omnes
900 2105 990 2173 qui
1019 2122 1140 2154 suas
1176 2112 1340 2155 terras
1365 2104 1666 2167 invaserint,
1706 2104 1905 2169 impetu

58 2176 229 2243 primo
284 2182 615 2243 prosternere
670 2174 925 2240 minatur3
982 2182 1035 2224 at
1087 2172 1334 2225 nobilitas
1389 2174 1592 2242 magnis
1649 2172 1904 2238 angustiis

57 2243 298 2309 afficitur,
338 2243 463 2295 dum
500 2244 662 2296 robur
697 2246 838 2312 regis
877 2242 1241 2312 praevalidum
1276 2261 1531 2312 suumque
1559 2243 1904 2310 perexiguum

59 2312 239 2365 subtili
275 2314 491 2366 rationis
530 2314 773 2365 examine
811 2314 1038 2366 metitur.
1111 2312 1261 2364 Illinc
1298 2331 1524 2381 namque
1561 2321 1808 2362 venturos
1837 2310 1904 2360 ad

56 2401 293 2452 pugnam
340 2385 576 2435 Francos
624 2392 908 2453 utrumque
981 2382 1103 2435 litus
1149 2382 1320 2434 Rheni
1369 2389 1627 2447 tenentes,
1688 2385 1901 2445 Suevos,

56 2453 346 2514 Bawarios,
383 2453 735 2522 Lotharingos
775 2463 825 2505 et
861 2453 1108 2504 Boemios
1147 2453 1430 2520 aspiciunt3
1476 2451 1598 2501 hinc
1635 2468 1760 2501 vero
1799 2467 1902 2500 non

56 2524 157 2573 nisi
185 2523 449 2575 Saxoniae
474 2524 569 2576 vix
595 2525 802 2575 tertiam
828 2532 1033 2593 partem
1059 2523 1350 2587 inveniunt,
1379 2522 1503 2590 quia
1528 2539 1705 2571 omnes
1732 2519 1901 2570 lVest-

56 2592 148 2644 fali
187 2602 237 2645 et
275 2611 456 2645 omnes
496 2595 636 2645 circa
671 2593 902 2644 Misnam
938 2592 1260 2657 habitantes,
1310 2592 1448 2660 regis
1495 2608 1621 2640 auro
1671 2588 1900 2656 corrupti

56 2680 89 2713 a
124 2662 279 2714 nobis
317 2663 624 2715 defecerunt
639 2673 674 2714 ⁰.
747 2664 874 2732 Ipsa
911 2681 1118 2732 quoque
1151 2680 1271 2730 pars
1298 2661 1450 2712 tertia
1477 2661 1567 2710 vix
1594 2676 1767 2710 secum
1796 2657 1900 2708 fida

57 2731 329 2800 manebat,
369 2734 493 2802 quia
531 2732 767 2802 singulos
804 2733 859 2782 in
897 2751 957 2784 ea
994 2732 1176 2799 regiad
1214 2731 1472 2799 promissa
1508 2728 1716 2779 assidue
1766 2726 1899 2778 solli-

57 2803 304 2855 citabant.
388 2802 587 2855 Omnes
633 2804 792 2855 etiam
837 2803 1074 2871 episcopi
1119 2808 1326 2870 praeter
1372 2807 1616 2868 quatuor,
1654 2796 1899 2865 Mageda-

53 2871 403 2941 burgensem,
459 2872 975 2937 Halberstatensem,
1027 2871 1542 2938 Merseburgensem,
1587 2866 1898 2918 Patharbru-

55 2960 271 2994 nensem
284 2952 320 3008 e,
360 2950 451 2994 aut
486 2951 667 3013 aperte
705 2942 773 2993 ad
810 2960 989 3010 regem
1013 2941 1344 3003 transierunt,
1382 2945 1471 2988 aut
1496 2938 1667 2988 animo
1694 2935 1897 2987 nutanti

53 3011 335 3063 nobiscum
373 3020 643 3079 steterunt,
682 3019 740 3063 ut
775 3013 829 3062 in
869 3029 1237 3080 quamcunque
1274 3017 1474 3078 partem
1524 3025 1605 3057 res
1651 3023 1897 3074 prospere

59 3082 318 3149 cederent,
355 3081 461 3134 illic
499 3084 671 3134 securi
707 3080 967 3133 declinare
1002 3082 1309 3150 potuissent.

194 3152 278 3208 40.
363 3152 568 3204 Eodem
616 3161 854 3220 tempore
902 3152 1067 3202 multa
1115 3168 1209 3219 per
1256 3148 1540 3200 Saxoniam
1590 3145 1737 3213 signa
1786 3142 1893 3195 fieri

58 3221 303 3289 vidimUS,
343 3241 412 3274 ex
450 3222 641 3292 quibus
677 3220 816 3272 mala
854 3223 1019 3289 quae*
1056 3227 1178 3289 post
1210 3225 1465 3270 venerunt
1500 3214 1761 3284 praescire
1806 3220 2063 3280 po-*p-343·

60 3370 98 3414 a)
126 3374 263 3405 falsum
292 3373 311 3404 2
425 3371 463 3413 b)
492 3382 578 3404 eum
606 3373 638 3403 si
665 3372 838 3412 precepit
863 3380 911 3403 ne
939 3378 1045 3401 mora
1073 3371 1107 3401 1.
1223 3366 1256 3408 c)
1286 3368 1505 3398 defecerant
1532 3366 1566 3399 2.
1667 3362 1703 3403 d)
1733 3362 1830 3400 regis
1859 3362 1891 3392 2.

60 3419 96 3462 e)
123 3422 299 3454 Pathabr.
330 3423 368 3462 13
394 3422 674 3453 Patherbrunn.
705 3422 737 3452 2.
