2204 3765
265 90 322 130 60
746 88 944 128 BRUNO
976 88 1057 126 DE
1091 87 1285 127 BELLO
1321 88 1630 129 SAXONICO.

139 241 246 273 1076.
266 227 568 278 dationibus
620 224 885 295 sepelitur.
959 224 1080 274 Non
1127 224 1282 292 longe
1329 233 1504 275 autem
1551 233 1672 294 post
1707 234 1930 278 mortem
1969 245 2120 279 suam

264 296 445 348 abbati
473 295 834 347 Cloniacensia
873 294 1135 362 apparuit,
1173 294 1480 362 priusquam
1508 313 1627 345 eum
1653 295 1814 347 fuisse
1852 305 2120 349 mortuum

267 367 614 434 cognovisset,
653 372 728 415 et:
768 363 903 413 ‘Non
925 364 1073 426 sum',
1110 363 1293 431 inquit,
1332 363 1520 428 ‘vivus,
1561 363 1654 415 sed
1678 383 1800 416 vere
1822 365 2120 433 defunctus,

267 444 317 486 et
365 436 418 484 in
467 434 669 484 inferno
718 431 986 500 sepultus.'
1063 431 1151 483 Sic
1197 430 1281 482 ille
1333 433 1543 501 sapiens
1589 440 1640 483 et
1687 451 1783 501 per
1825 435 2000 486 omnia
2037 438 2124 488 vir

265 504 529 567 honestus,
570 503 612 552 si
649 519 755 552 non
793 510 932 552 esset
967 502 1220 553 avaritiae
1248 502 1496 553 venenish
1535 501 1779 569 infectus,
1817 502 2034 555 stultum
2070 513 2123 558 et

265 571 619 623 miserabilem
645 570 804 622 finem
828 570 1034 636 habuit,
1075 571 1200 640 quia
1223 570 1381 635 hunc,
1408 570 1534 621 dum
1558 580 1781 639 poterat,
1806 590 2122 641 praecavere

264 641 445 693 noluit.
519 641 590 692 Et
640 658 733 691 cur
779 658 900 691 eum
946 639 1114 690 solum
1161 641 1281 691 dico
1331 639 1699 692 miserabiliter
1737 641 1952 693 obisse?
1997 661 2120 696 cum

265 710 602 761 manifestum
652 710 742 775 sit,
805 727 985 760 omnes
1035 709 1142 760 fere
1197 709 1437 761 Heinrici
1492 708 1779 762 familiares
1833 718 1885 763 et
1939 711 2120 765 fideles

265 797 434 848 aeque
460 780 680 830 miseras
707 787 903 829 mortes
929 779 1230 844 incurrisse,
1258 788 1309 831 et
1335 797 1423 830 eos
1450 780 1764 846 miserioreS,
1800 782 1892 849 qui
1915 781 2124 835 fuerant

265 848 339 900 illi
376 847 660 914 fideliores3
702 849 824 916 quia
861 847 993 898 fides
1031 846 1121 899 illa
1155 866 1278 899 vere
1317 856 1428 900 erat
1463 848 1703 917 perfidia.

408 918 488 970 75.
563 917 638 969 Ut
683 918 823 968 enim
870 936 964 986 per
1010 934 1286 968 excessum
1335 918 1595 988 quaedam
1633 917 1717 970 vel
1764 925 1999 988 repetam
2036 920 2124 972 vel

265 1006 622 1057 praecurram,
660 986 977 1055 patriarcha,
1006 988 1095 1056 qui
1119 986 1322 1056 legatus
1349 986 1623 1057 apostolici
1647 989 1912 1040 maximus
1938 997 2128 1041 auctor

265 1057 611 1108 abiurationis
639 1058 886 1108 extiterat
911 1057 1151 1108 Heinrici
1178 1066 1229 1109 et
1264 1060 1392 1108 novi
1418 1057 1557 1125 regis
1583 1058 1942 1124 instituendil,
1979 1065 2127 1128 post-

267 1145 426 1196 quam
447 1127 629 1195 exregi
653 1127 804 1196 quasi
830 1126 943 1195 regi
969 1127 1197 1177 sociatus
1223 1128 1562 1195 retrogradus
1584 1127 1823 1193 efficitur,
1850 1130 2129 1197 repentina

265 1205 432 1248 morte
472 1205 820 1266 praeventus,
873 1197 997 1265 quia
1036 1198 1465 1249 communicabat
1503 1198 1998 1263 excommunicatis,
2046 1199 2126 1249 in-

267 1268 688 1318 communicatus
727 1273 777 1317 et
814 1265 1172 1316 inconfessusc
1210 1266 1332 1316 huic
1358 1268 1498 1317 vitae
1527 1266 1867 1318 subtrahitur.
1923 1268 2125 1319 Verum

266 1337 391 1404 quia
439 1344 615 1386 tantae
667 1335 940 1402 dignitatis
977 1335 1152 1385 virum
1197 1353 1304 1386 non
1354 1335 1575 1387 decebat
1622 1337 1698 1387 ire
1738 1335 1907 1387 solum
1943 1336 2013 1388 ad
2047 1338 2125 1389 in-

264 1406 485 1470 fernum,
526 1405 927 1473 quinquaginta,
966 1404 1102 1455 sicut
1127 1404 1440 1471 audivimus,
1481 1405 1546 1457 de
1573 1406 1682 1456 suis
1718 1404 1905 1458 habuit
1934 1407 2124 1474 socios,

264 1474 450 1526 eadem
476 1483 643 1526 morte
670 1474 945 1543 repentina
966 1483 1259 1543 correptos3
1287 1494 1352 1526 ne
1374 1492 1505 1545 quos
1525 1474 1759 1527 habebat
1775 1476 1830 1526 in
1848 1476 2125 1547 iniquitate

266 1552 551 1610 consortes,
589 1544 644 1594 in
681 1543 1024 1595 retributione
1063 1563 1169 1595 non
1206 1543 1426 1596 haberet
1461 1546 1764 1614 participes,

405 1615 487 1667 76.
569 1613 691 1665 Udo
759 1614 1099 1664 Treverensis
1165 1613 1597 1684 archiepiscopus
1613 1624 1648 1681 2,
1720 1615 1862 1665 omni
1930 1615 2126 1684 pietate

261 1682 467 1753 plenus,
494 1683 620 1734 dum
646 1684 803 1734 nimis
829 1692 1136 1735 mansuetus
1157 1685 1424 1752 tyrannidi
1449 1703 1555 1736 non
1579 1684 1846 1751 resistens,
1870 1684 2124 1737 Heinrico

264 1752 382 1822 plus
434 1771 593 1822 quam
644 1752 867 1805 decebat
916 1754 1252 1823 obsequitur,
1311 1755 1423 1805 eius
1476 1754 1723 1806 flammeo
1783 1754 1947 1805 furori
1997 1772 2125 1807 suae

265 1823 624 1873 consensionis
676 1822 849 1874 oleum
895 1824 1184 1882 ministrat,
1236 1832 1287 1874 et
1329 1833 1387 1876 ut
1434 1823 1690 1876 ecclesiae
1738 1823 2128 1893 depraedentur

265 1891 533 1944 licentiam
561 1892 745 1959 donat3
786 1900 836 1943 et
861 1911 988 1943 mox
1012 1894 1067 1943 in
1095 1894 1321 1944 crastino
1348 1894 1539 1945 maned
1578 1901 1816 1945 mortuus
1842 1894 2126 1962 invenitur,

265 1972 324 2014 ut
375 1962 618 2014 omnibus
669 1971 849 2031 aperte
900 1971 1191 2027 constaret,
1242 1963 1362 2014 ideo
1409 1962 1502 2015 tali
1550 1983 1672 2016 eum
1717 1971 1884 2015 morte
1935 1964 2126 2032 obisse,

268 2033 394 2101 quia
457 2033 511 2082 in
579 2031 925 2084 ecclesiarum
988 2032 1364 2101 praedationee
1431 2052 1536 2085 non
1613 2034 1788 2085 timuit
1852 2051 2126 2086 assensum
2183 2045 2194 2053 ‘

265 2101 538 2171 praebere.
1949 2137 1951 2139 ·

411 2172 491 2224 77.
567 2171 723 2241 Eppo
764 2171 1001 2224 Cicensis
1040 2173 1319 2242 episcopus
1333 2213 1345 2238 ,
1391 2172 1518 2224 dum
1554 2173 1610 2223 in
1647 2173 1919 2242 episcopio
1957 2173 2132 2225 sancti

264 2240 498 2292 Kiliani³
541 2242 805 2311 quendam
843 2243 1014 2293 rivum
1052 2242 1175 2294 forti
1201 2242 1389 2294 sedens
1424 2244 1479 2293 in
1505 2260 1641 2312 equo
1667 2243 1927 2308 transiret,
1967 2260 2125 2312 quem

267 2310 490 2381 quilibet
537 2311 700 2380 pedes
750 2312 861 2362 sine
911 2311 1143 2380 periculo
1190 2313 1415 2364 transire
1453 2320 1654 2381 posset,
1704 2311 1797 2364 ubi
1834 2330 1933 2364 nec
1969 2313 2127 2365 timor

264 2379 400 2432 ullus
437 2380 559 2447 fuit,
608 2399 742 2450 equo
783 2381 1003 2433 cadente
1041 2382 1271 2433 moriens
1311 2383 1386 2433 sic
1423 2383 1645 2449 interiit,
1690 2390 1872 2433 sancto
1909 2381 2124 2433 Kiliano

265 2452 340 2502 sic
378 2450 715 2519 disponente,
754 2458 812 2501 ut
850 2453 941 2520 qui
979 2453 1092 2503 eius
1130 2451 1277 2503 urbis
1315 2451 1578 2503 violentus
1616 2452 1896 2509 incubator
1931 2452 2126 2504 iniuste

262 2521 445 2571 vinum
485 2539 639 2571 suum
677 2519 910 2586 bibebat,
948 2538 1143 2590 aquam
1171 2540 1383 2592 quoque
1411 2540 1562 2573 suam
1586 2522 1721 2573 iuste
1746 2521 1950 2587 bibenS,
1989 2520 2126 2574 ultra

261 2592 447 2641 vinum
484 2609 591 2644 non
631 2599 875 2660 quaerat3
917 2599 967 2642 et
1004 2591 1128 2660 quia
1163 2590 1317 2643 nobis
1344 2591 1776 2644 inconciliabilisf
1816 2591 2124 2661 permansit,

261 2660 380 2712 Deo
417 2660 844 2711 inreconciliatus
882 2660 948 2711 ab
989 2659 1123 2713 hacg
1158 2662 1266 2712 Vita
1303 2662 1572 2730 migravit.

406 2730 487 2782 78.
564 2729 924 2781 Godefridush
963 2729 1090 2797 dux,
1119 2732 1210 2801 qui
1234 2731 1333 2782 fuit
1357 2732 1623 2782 maximus
1649 2731 1812 2782 hostis
1842 2730 2123 2797 Saxoniae,

264 2912 300 2952 a)
332 2913 504 2946 Cluniae.
536 2915 568 2946 2.
648 2911 686 2953 b)
717 2914 769 2944 ita
798 2916 831 2946 1.
863 2910 927 2953 1b3
965 2923 1114 2946 veneno
1145 2915 1177 2945 2.
1258 2913 1291 2956 c)
1320 2924 1396 2947 non
1425 2915 1523 2946 conf.
1558 2917 1589 2948 1.
1669 2913 1706 2955 d)
1734 2915 1786 2946 ita
1814 2911 1870 2947 lb.
1901 2916 1943 2954 2;
1971 2916 2062 2947 deest
2089 2916 2122 2946 1.

265 2962 299 3001 c)
328 2963 616 3002 predationibus
654 2964 685 2993 2.
789 2961 817 3002 f)
855 2964 906 2993 ita
945 2965 978 2993 1.
1019 2964 1060 3002 23
1099 2964 1431 2996 irreconciliabilis
1469 2959 1523 2996 lb.
1628 2962 1666 3004 g)
1695 2964 1785 2995 deest
1822 2966 1855 2997 1.
1957 2962 1996 3006 h)
2033 2965 2124 2996 Dux

263 3011 532 3043 Lothariorum
562 3010 705 3043 Gozelo
732 3012 794 3043 vel
825 3011 1052 3043 Godefridus
1081 3013 1113 3045 2.

269 3168 314 3209 1)
350 3167 623 3223 Siqelzardus
664 3175 783 3220 patr.
818 3168 1019 3223 Aquiley.
1052 3185 1093 3211 v.
1126 3168 1250 3223 infra
1293 3185 1325 3211 c.
1363 3171 1434 3213 88.
1503 3171 1637 3221 Quem
1669 3185 1766 3212 cum
1816 3169 1907 3225 regi
1950 3171 2123 3212 auxilia

265 3229 552 3270 Ratisbonam
586 3230 859 3281 adduxisset,
892 3230 952 3270 ibi
986 3229 1161 3271 testibus
1184 3232 1422 3274 Bartholdo
1458 3239 1495 3273 et
1534 3233 1748 3273 Bernoldo
1783 3245 1930 3273 amens
1949 3233 2120 3284 factus,

265 3290 308 3330 d.
347 3290 415 3330 12.
450 3288 563 3344 Any.
599 3291 714 3329 1077
748 3295 944 3331 mortuus
977 3299 1052 3333 est.
1127 3292 1184 3333 W.
1294 3293 1339 3341 2)
1385 3293 1433 3333 V.
1471 3308 1503 3334 c.
1543 3294 1642 3334 103.
1749 3293 1796 3346 3)
1829 3293 1857 3333 i.
1894 3306 1928 3333 e.
1972 3291 2120 3333 Wirzi-

267 3350 481 3405 burqensi.
550 3350 614 3404 Cf.
649 3349 813 3392 Αηηαῖ.
848 3350 967 3393 Saxo
1002 3367 1043 3394 a.
1080 3354 1209 3395 1078.
1279 3352 1393 3394 Obiit
1424 3354 1467 3395 d.
1506 3356 1545 3395 5.
1580 3353 1690 3394 Mai.
1731 3367 1773 3394 a.
1812 3352 1941 3394 1078.
