2204 3765
571 80 769 121 BRUNO
798 81 881 121 DE
911 81 1106 122 BELLO
1141 82 1447 125 SAXONICO.
1874 93 1926 131 19

90 218 341 270 fecerunt.
430 219 625 271 Verum
679 219 809 271 haec
862 219 1106 271 faciendo
1157 219 1407 270 damnum
1493 221 1666 272 uidem
1716 224 1927 294 aliquod
1949 244 2053 274 1053.

89 288 198 338 sive
237 287 607 339 contumeliam
646 290 752 340 suis
788 288 1025 340 hostibus
1062 288 1367 353 intulerunt,
1407 307 1461 340 se
1537 291 1725 342 exinde
1762 299 1928 362 magis

89 364 273 407 cautos
319 374 406 408 eos
457 365 508 409 et
551 357 836 409 industrios
874 376 988 408 esse
1027 357 1332 408 docuerunt.
1403 357 1549 426 Ergo
1600 378 1666 410 ex
1712 371 1928 430 utraque

85 435 235 494 parte
281 445 447 495 paene
495 426 715 496 singulis
753 425 939 478 diebus
986 426 1189 476 fortiter
1223 437 1510 494 pugnatun
1563 429 1653 479 sed
1692 430 1928 482 Saxones

85 494 210 546 inde
246 494 487 547 fortiores
524 508 686 561 erant,
727 496 851 564 quia
888 505 939 546 et
976 494 1246 546 castellum
1286 514 1441 545 suum
1478 496 1531 546 in
1557 496 1724 548 altiori
1756 513 1930 552 monte

85 565 319 633 positum
358 574 484 624 erat,
521 567 595 616 ita
631 575 689 617 ut
724 565 779 614 in
816 562 901 614 illo
939 563 1156 615 inferius
1194 565 1476 616 constituto
1507 565 1679 617 nullus
1705 568 1803 617 nisi
1832 570 1929 621 sub

84 635 234 685 tectis
271 642 416 685 tutus
454 642 589 686 esset
624 653 654 685 a
690 632 914 684 iactibus
951 631 1205 700 lapidum,
1245 643 1295 684 et
1330 632 1560 702 fatigatis
1594 637 1716 686 novi
1742 636 1930 688 milites

86 703 462 770 succedebant,
500 710 550 755 et
587 704 661 754 eis
699 701 944 753 alimenta
982 702 1193 770 copiose
1230 701 1534 769 veniebant,
1586 723 1719 773 quae
1758 708 1932 756 omnia

83 771 321 824 hostibus
360 782 507 824 erant
543 779 774 823 econtra.
847 770 984 821 Nam
1020 789 1189 839 neque
1225 770 1377 823 facile
1413 771 1614 842 lapides
1658 776 1710 824 in
1747 774 1931 826 altiora

84 841 390 907 mittebant,
444 859 616 909 neque
665 840 830 892 fessos
885 841 1028 909 ipsos
1083 839 1172 891 alii
1224 839 1595 907 sublevabant,
1653 853 1701 895 et
1747 845 1929 910 fames,

83 912 372 962 acerrimus
409 911 590 974 hostiS,
629 928 717 961 eos
755 928 860 961 non
897 928 1085 978 parum
1122 909 1416 978 affligebat,
1457 930 1590 980 quae
1617 931 1704 964 eos
1731 913 1929 964 dudum

83 980 319 1033 devictos
357 979 426 1030 ad
465 979 784 1031 deditionem
825 980 1110 1048 coegisset,
1155 980 1258 1030 nisi
1307 981 1380 1030 eis
1425 982 1571 1032 cibos
1611 982 1824 1050 quidam
1864 1002 1929 1034 ex

84 1050 385 1103 Saxonibus
421 1048 601 1101 furtim
621 1050 991 1113 ministrarent,
1015 1050 1103 1118 qui
1129 1050 1275 1117 prius
1303 1050 1377 1100 eis
1404 1049 1683 1101 familiares
1708 1051 1929 1104 fuerant.

221 1119 304 1170 30.
384 1119 595 1170 Interea
655 1137 751 1170 rex
810 1117 1042 1187 singulos
1107 1118 1387 1170 Teutonici
1449 1121 1598 1187 regni
1664 1122 1929 1189 principes

83 1187 313 1259 supplex
355 1187 546 1254 adivit,
599 1207 652 1239 se
702 1188 767 1240 de
814 1206 978 1257 regno
1019 1187 1312 1247 Saxoniae‚
1369 1189 1511 1256 quod
1559 1206 1676 1239 cum
1714 1198 1931 1258 paterna

80 1258 369 1311 hereditate
405 1267 519 1309 tum
556 1275 739 1310 eorum
778 1258 1013 1309 omnium
1058 1256 1310 1310 electione
1348 1259 1690 1327 suscepisset,
1740 1260 1930 1311 iniuste

81 1327 362 1398 depulsum
398 1327 644 1379 flebiliter
679 1327 950 1393 indicavit,
990 1328 1045 1378 in
1072 1346 1176 1396 qua
1211 1346 1268 1378 re
1294 1345 1401 1378 non
1425 1334 1532 1378 tam
1560 1327 1659 1379 sibi
1698 1328 1927 1379 dedecus

80 1397 303 1463 factum,
361 1416 520 1468 quam
573 1396 674 1448 illis
731 1398 1002 1462 omnibus,
1059 1398 1151 1467 qui
1204 1399 1258 1448 in
1309 1415 1362 1448 se
1411 1397 1632 1449 fuissent
1680 1397 1928 1466 despecti,

79 1469 337 1534 narravit3
377 1469 443 1520 ab
483 1467 727 1519 omnibus
764 1467 1040 1533 auxilium,
1082 1485 1184 1536 quo
1223 1476 1274 1518 et
1310 1485 1459 1517 sua-m
1487 1475 1538 1518 et
1574 1465 1776 1518 illorum
1815 1470 1928 1518 vin-

82 1537 282 1590 dicaret
340 1538 612 1603 iniuriam,
672 1536 980 1607 suppliciter
1033 1536 1336 1606 postulavit.
1420 1536 1526 1588 Sed
1578 1555 1683 1588 non
1737 1536 1928 1588 multos

80 1608 317 1677 ipsorum
366 1626 633 1659 sermones
679 1608 793 1659 eius
830 1607 1141 1671 movebant,
1192 1607 1315 1675 quia
1354 1615 1572 1675 quantas
1610 1606 1929 1657 calamitates

83 1676 385 1730 Saxonibus
423 1676 697 1742 intulisset,
735 1695 902 1744 paene
942 1695 1122 1728 omnes
1160 1684 1435 1727 noverant:
1473 1677 1777 1744 praesertim
1805 1677 1929 1744 quia

80 1746 265 1799 eadem
319 1746 458 1798 mala
512 1748 671 1798 etiam
720 1747 911 1799 Suevis
968 1755 1018 1798 et
1073 1744 1411 1797 orientalibus
1464 1746 1684 1796 Francis
1739 1745 1927 1797 inferre

79 1815 332 1869 voluerat.
404 1816 608 1868 Tamen
647 1834 742 1867 suo
780 1817 949 1885 magis
989 1834 1146 1885 quam
1183 1814 1321 1867 illius
1363 1815 1548 1866 honori
1584 1815 1924 1884 prospiciunt,

80 1887 235 1957 eique
282 1905 337 1938 se
385 1895 635 1938 venturos
682 1886 739 1936 in
782 1885 1040 1938 auxilium
1090 1885 1188 1938 hac
1235 1886 1437 1937 ratione
1480 1885 1815 1955 promittunt,
1871 1894 1930 1935 ut

81 1955 384 2009 Saxonibus
428 1955 495 2007 ad
540 1955 793 2025 placitum
840 1956 1168 2022 convocatis,
1217 1956 1490 2025 utriusque
1538 1955 1700 2023 partis
1745 1971 1927 2005 causas

80 2026 359 2095 diligenter
395 2034 762 2095 agnoscerent3
803 2035 853 2078 et
891 2027 934 2077 si
974 2024 1186 2095 quidem
1213 2044 1334 2077 eum
1361 2025 1471 2077 sine
1499 2023 1653 2094 culpa
1677 2023 1930 2075 violenter

79 2097 382 2162 eiecissent,
429 2097 553 2147 totis
603 2114 721 2148 eum
759 2096 961 2148 Viribus
1011 2097 1066 2146 in
1101 2114 1324 2165 regnum
1363 2114 1515 2146 suum
1550 2094 1822 2146 restituere
1858 2092 1928 2143 la-

78 2167 354 2233 borarent3
393 2166 437 2217 si
472 2183 597 2217 vero
625 2165 782 2235 culpa
808 2185 903 2218 sua
927 2174 1120 2218 terram
1147 2163 1388 2216 omnibus
1416 2163 1692 2234 opulentiis
1719 2162 1928 2232 plenam

80 2235 357 2289 stultorum
406 2235 635 2288 consiliis
679 2235 923 2288 credulus
962 2236 1248 2302 amisisset,
1299 2235 1346 2286 ei
1386 2236 1429 2285 si
1467 2253 1520 2286 se
1557 2232 1713 2285 vellet
1747 2232 1926 2283 audire

80 2306 374 2372 suaderent,
414 2315 673 2376 quatenus
709 2306 884 2358 furore
924 2305 1165 2375 deposito
1203 2305 1451 2357 subiectis
1491 2303 1592 2355 sibi
1628 2302 1927 2354 nationibus

77 2377 248 2429 iustus
287 2384 338 2427 et
373 2377 510 2446 pius,
552 2375 695 2445 quod
733 2386 870 2428 esset
904 2375 1176 2445 proprium
1209 2375 1365 2443 regiS,
1404 2374 1666 2437 existeret,
1703 2389 1800 2423 nec
1838 2389 1926 2423 eos

80 2464 307 2516 quorum
354 2445 492 2496 malo
541 2445 756 2497 consilio
803 2445 1055 2515 deceptus
1105 2454 1238 2510 erat,
1294 2442 1518 2512 amplius
1566 2441 1782 2493 audiret.
1859 2441 1926 2492 Se

78 2524 260 2568 contra
305 2515 543 2568 homines
593 2516 904 2567 christianos
917 2556 929 2582 ,
988 2517 1294 2567 innocentes
1353 2514 1556 2582 sibique
1616 2511 1926 2580 cognatione

76 2588 432 2656 propianOS,
491 2587 656 2655 gratis
713 2587 924 2637 omnino
981 2603 1220 2655 pugnare
1277 2583 1553 2651 denegant.
1629 2581 1774 2644 Quos
1824 2598 1925 2631 ser-

77 2674 260 2708 mones
297 2675 393 2708 rex
428 2656 547 2707 ideo
588 2656 740 2726 quasi
787 2664 966 2724 gratos
1004 2655 1236 2725 accepit,
1288 2653 1411 2722 quia
1448 2652 1587 2722 quod
1623 2649 1927 2701 intendebat

78 2725 195 2777 fieri
239 2743 347 2777 non
389 2743 546 2795 posse
597 2726 869 2794 cognovit,
919 2725 1118 2777 scilicet
1165 2731 1224 2775 ut
1261 2724 1370 2773 sine
1406 2721 1597 2791 placito
1638 2719 1925 2771 Saxoniam

79 2813 199 2847 cum
239 2797 477 2847 exercitu
512 2794 806 2848 violentusa
841 2797 1085 2861 intraret,
1135 2802 1186 2846 et
1222 2810 1311 2844 eos
1347 2792 1540 2842 invitos
1578 2807 1702 2840 suae
1742 2787 1926 2839 ditioni

80 2865 346 2918 subiectos
386 2884 455 2916 ex
490 2864 669 2917 liberis
709 2883 889 2917 omnes
929 2883 1106 2917 servos
1143 2864 1351 2914 faceret.
1413 2861 1557 2912 Misit
1583 2860 1757 2928 itaque
1794 2876 1924 2907 nun-

78 2936 180 2987 tios
229 2935 298 2986 ad
340 2936 609 3005 principes
650 2935 941 3002 Saxoniae,
995 2934 1171 2986 omnia
1216 2932 1358 2983 bona
1399 2930 1730 3000 promittenS,
1777 2928 1819 2977 si
1870 2944 1924 2977 se

76 3005 439 3073 permitterent
473 3007 529 3057 in
563 3023 788 3073 regnum
826 3023 981 3056 suum
1018 3022 1138 3054 cum
1174 3020 1305 3072 pace
1341 3000 1538 3064 redire,
1579 2997 1761 3051 Ottoni
1787 2996 1924 3060 duci,

80 3073 145 3126 de
195 3092 300 3144 quo
349 3075 549 3127 sciebat
599 3076 833 3126 omnium
878 3072 1095 3125 consilia
1138 3071 1398 3142 pendere,
1445 3069 1697 3120 honorem
1733 3065 1924 3116 iniuste

79 3143 312 3196 ablatum
346 3143 625 3214 pollicetur
674 3163 795 3195 cum
842 3161 1036 3212 magno
1081 3149 1364 3210 augmento
1400 3139 1699 3201 restituere,
1750 3136 1792 3186 si
1830 3133 1921 3185 seb

79 3212 235 3266 vellet
269 3214 326 3265 in
359 3214 612 3267 honorem
647 3214 927 3284 pristinum
962 3211 1231 3264 reducere.

217 3284 301 3335 31.
373 3284 544 3354 Igitur
568 3284 805 3336 exercitu
832 3281 1046 3352 quidem
1071 3298 1282 3349 magno,
1321 3277 1412 3330 sed
1436 3294 1542 3328 non
1567 3274 1634 3326 ad
1670 3272 1922 3344 praelian-
1941 3288 2045 3319 1074.

80 3405 117 3448 a)
146 3407 334 3440 violenter
361 3409 393 3440 2.
496 3406 535 3448 b)
563 3408 654 3439 deest
682 3409 722 3446 13
750 3415 836 3439 eum
864 3401 919 3439 lb.

1469 3458 1541 3496 922

1470 3497 1497 3509 a
