<?xml version="1.0" encoding="UTF-8"?>
<!DOCTYPE html PUBLIC "-//W3C//DTD XHTML 1.0 Transitional//EN"
    "http://www.w3.org/TR/xhtml1/DTD/xhtml1-transitional.dtd">
<html xmlns="http://www.w3.org/1999/xhtml" xml:lang="en" lang="en">
 <head>
  <title>
</title>
<meta http-equiv="Content-Type" content="text/html;charset=utf-8" />
  <meta name='ocr-system' content='tesseract 3.04.00' />
  <meta name='ocr-capabilities' content='ocr_page ocr_carea ocr_par ocr_line ocrx_word'/>
</head>
<body>
  <div class='ocr_page' id='page_1' title='image "./brunonisdebellos00brunuoft/brunonisdebellos00brunuoft_0109.png"; bbox 0 0 2204 3765; ppageno 0'>
   <div class='ocr_carea' id='block_1_1' title="bbox 591 107 1949 160">
    <p class='ocr_par' dir='ltr' id='par_1_1' title="bbox 591 107 1949 160">
     <span class='ocr_line' id='line_1_1' title="bbox 591 107 1949 160; baseline 0.01 -15"><span class='ocrx_word' id='word_1_1' title='bbox 591 107 789 147; x_wconf 86' lang='lat' dir='ltr'><strong>BRUNO</strong></span> <span class='ocrx_word' id='word_1_2' title='bbox 822 107 903 146; x_wconf 85' lang='lat' dir='ltr'>DE</span> <span class='ocrx_word' id='word_1_3' title='bbox 935 109 1133 149; x_wconf 85' lang='lat' dir='ltr'>BELLO</span> <span class='ocrx_word' id='word_1_4' title='bbox 1168 110 1475 151; x_wconf 77' lang='lat' dir='ltr'>SAXONICO.</span> <span class='ocrx_word' id='word_1_5' title='bbox 1891 123 1949 160; x_wconf 84' lang='lat'>97</span> 
     </span>
    </p>
   </div>
   <div class='ocr_carea' id='block_1_2' title="bbox 105 244 2132 3227">
    <p class='ocr_par' dir='ltr' id='par_1_2' title="bbox 105 244 2074 1353">
     <span class='ocr_line' id='line_1_2' title="bbox 105 244 2074 314; baseline 0.002 -17"><span class='ocrx_word' id='word_1_6' title='bbox 105 245 415 314; x_wconf 86' lang='lat' dir='ltr'>congregati</span> <span class='ocrx_word' id='word_1_7' title='bbox 451 244 516 296; x_wconf 90' lang='lat' dir='ltr'>de</span> <span class='ocrx_word' id='word_1_8' title='bbox 554 250 695 295; x_wconf 89' lang='lat' dir='ltr'>statu</span> <span class='ocrx_word' id='word_1_9' title='bbox 731 245 880 312; x_wconf 89' lang='lat' dir='ltr'>regni</span> <span class='ocrx_word' id='word_1_10' title='bbox 918 246 1000 295; x_wconf 89' lang='lat' dir='ltr'>sui</span> <span class='ocrx_word' id='word_1_11' title='bbox 1037 255 1335 311; x_wconf 82' lang='lat' dir='ltr'>tractarent,</span> <span class='ocrx_word' id='word_1_12' title='bbox 1375 266 1496 299; x_wconf 91' lang='lat' dir='ltr'>ecce</span> <span class='ocrx_word' id='word_1_13' title='bbox 1529 253 1749 302; x_wconf 84' lang='lat' dir='ltr'>nuncius</span> <span class='ocrx_word' id='word_1_14' title='bbox 1775 255 1952 308; x_wconf 66' lang='lat' dir='ltr'>adm-at</span> <span class='ocrx_word' id='word_1_15' title='bbox 1972 265 2074 296; x_wconf 80' lang='lat'>1080.</span> 
     </span>
     <span class='ocr_line' id='line_1_3' title="bbox 108 313 2051 386; baseline 0.003 -20"><span class='ocrx_word' id='word_1_16' title='bbox 108 317 200 386; x_wconf 91' lang='lat' dir='ltr'>qui</span> <span class='ocrx_word' id='word_1_17' title='bbox 238 313 450 380; x_wconf 89' lang='lat' dir='ltr'>diceret,</span> <span class='ocrx_word' id='word_1_18' title='bbox 490 313 804 365; x_wconf 90' lang='lat' dir='ltr'>Heinricum</span> <span class='ocrx_word' id='word_1_19' title='bbox 842 314 910 364; x_wconf 88' lang='lat' dir='ltr'>ad</span> <span class='ocrx_word' id='word_1_20' title='bbox 947 332 1071 364; x_wconf 91' lang='lat' dir='ltr'>suos</span> <span class='ocrx_word' id='word_1_21' title='bbox 1110 315 1174 366; x_wconf 90' lang='lat' dir='ltr'>de</span> <span class='ocrx_word' id='word_1_22' title='bbox 1201 316 1397 383; x_wconf 88' lang='lat' dir='ltr'>proelio</span> <span class='ocrx_word' id='word_1_23' title='bbox 1424 335 1689 369; x_wconf 83' lang='lat' dir='ltr'>reversum</span> <span class='ocrx_word' id='word_1_24' title='bbox 1718 313 2051 385; x_wconf 61' lang='lat' dir='ltr'>iactasso‚¹³‘⁶·</span> 
     </span>
     <span class='ocr_line' id='line_1_4' title="bbox 108 383 1956 454; baseline 0.003 -18"><span class='ocrx_word' id='word_1_25' title='bbox 108 384 252 454; x_wconf 86' lang='lat' dir='ltr'>quod</span> <span class='ocrx_word' id='word_1_26' title='bbox 300 401 426 452; x_wconf 89' lang='lat' dir='ltr'>rege</span> <span class='ocrx_word' id='word_1_27' title='bbox 477 383 751 434; x_wconf 81' lang='lat' dir='ltr'><strong>Saxonum</strong></span> <span class='ocrx_word' id='word_1_28' title='bbox 803 383 976 432; x_wconf 89' lang='lat' dir='ltr'>occiso</span> <span class='ocrx_word' id='word_1_29' title='bbox 1034 390 1196 434; x_wconf 87' lang='lat' dir='ltr'>totam</span> <span class='ocrx_word' id='word_1_30' title='bbox 1250 384 1536 436; x_wconf 83' lang='lat' dir='ltr'>Saxoniam</span> <span class='ocrx_word' id='word_1_31' title='bbox 1601 405 1725 438; x_wconf 86' lang='lat' dir='ltr'>suae</span> <span class='ocrx_word' id='word_1_32' title='bbox 1775 390 1956 442; x_wconf 86' lang='lat' dir='ltr'>ditioni</span> 
     </span>
     <span class='ocr_line' id='line_1_5' title="bbox 107 451 1963 520; baseline -0.001 -15"><span class='ocrx_word' id='word_1_33' title='bbox 107 454 436 516; x_wconf 86' lang='lat' dir='ltr'>subiecisset,</span> <span class='ocrx_word' id='word_1_34' title='bbox 492 459 543 503; x_wconf 91' lang='lat' dir='ltr'>et</span> <span class='ocrx_word' id='word_1_35' title='bbox 587 468 728 501; x_wconf 91' lang='lat' dir='ltr'>nunc</span> <span class='ocrx_word' id='word_1_36' title='bbox 774 451 1010 502; x_wconf 85' lang='lat' dir='ltr'>exercitu</span> <span class='ocrx_word' id='word_1_37' title='bbox 1057 463 1373 520; x_wconf 81' lang='lat' dir='ltr'>congregato</span> <span class='ocrx_word' id='word_1_38' title='bbox 1429 455 1726 519; x_wconf 85' lang='lat' dir='ltr'>adventare,</span> <span class='ocrx_word' id='word_1_39' title='bbox 1782 460 1853 508; x_wconf 84' lang='lat' dir='ltr'>ita</span> <span class='ocrx_word' id='word_1_40' title='bbox 1908 471 1963 510; x_wconf 85' lang='lat' dir='ltr'>ut</span> 
     </span>
     <span class='ocr_line' id='line_1_6' title="bbox 109 519 1962 591; baseline 0.001 -16"><span class='ocrx_word' id='word_1_41' title='bbox 109 522 386 575; x_wconf 81' lang='lat' dir='ltr'>Goslariae</span> <span class='ocrx_word' id='word_1_42' title='bbox 446 519 674 571; x_wconf 90' lang='lat' dir='ltr'>natalem</span> <span class='ocrx_word' id='word_1_43' title='bbox 729 519 950 570; x_wconf 84' lang='lat' dir='ltr'>Domini</span> <span class='ocrx_word' id='word_1_44' title='bbox 1007 519 1308 572; x_wconf 81' lang='lat' dir='ltr'>celebraret.</span> <span class='ocrx_word' id='word_1_45' title='bbox 1396 522 1500 573; x_wconf 85' lang='lat' dir='ltr'>Sed</span> <span class='ocrx_word' id='word_1_46' title='bbox 1556 526 1718 574; x_wconf 84' lang='lat' dir='ltr'>nostri</span> <span class='ocrx_word' id='word_1_47' title='bbox 1774 545 1962 591; x_wconf 72' lang='lat' dir='ltr'>magno</span> 
     </span>
     <span class='ocr_line' id='line_1_7' title="bbox 108 588 1962 658; baseline 0.002 -15"><span class='ocrx_word' id='word_1_48' title='bbox 108 592 352 643; x_wconf 86' lang='lat' dir='ltr'>exercitu</span> <span class='ocrx_word' id='word_1_49' title='bbox 376 608 473 658; x_wconf 90' lang='lat' dir='ltr'>per</span> <span class='ocrx_word' id='word_1_50' title='bbox 496 589 730 641; x_wconf 86' lang='lat' dir='ltr'>triduum</span> <span class='ocrx_word' id='word_1_51' title='bbox 769 588 1003 652; x_wconf 91' lang='lat' dir='ltr'>collect0,</span> <span class='ocrx_word' id='word_1_52' title='bbox 1043 590 1089 639; x_wconf 89' lang='lat' dir='ltr'>ei</span> <span class='ocrx_word' id='word_1_53' title='bbox 1127 601 1473 657; x_wconf 81' lang='lat' dir='ltr'>perrexerunt</span> <span class='ocrx_word' id='word_1_54' title='bbox 1511 590 1736 657; x_wconf 83' lang='lat' dir='ltr'>obviam,</span> <span class='ocrx_word' id='word_1_55' title='bbox 1775 592 1962 647; x_wconf 70' lang='lat' dir='ltr'>virtute</span> 
     </span>
     <span class='ocr_line' id='line_1_8' title="bbox 109 657 1966 732; baseline 0.002 -20"><span class='ocrx_word' id='word_1_56' title='bbox 109 677 260 712; x_wconf 85' lang='lat' dir='ltr'>suam</span> <span class='ocrx_word' id='word_1_57' title='bbox 299 659 564 711; x_wconf 82' lang='lat' dir='ltr'>defensuri</span> <span class='ocrx_word' id='word_1_58' title='bbox 608 658 852 727; x_wconf 87' lang='lat' dir='ltr'>patriam.</span> <span class='ocrx_word' id='word_1_59' title='bbox 928 657 1084 721; x_wconf 79' lang='lat' dir='ltr'>Quod</span> <span class='ocrx_word' id='word_1_60' title='bbox 1134 657 1218 709; x_wconf 90' lang='lat' dir='ltr'>ille</span> <span class='ocrx_word' id='word_1_61' title='bbox 1267 670 1644 726; x_wconf 67' lang='lat' dir='ltr'>cognoscens8,</span> <span class='ocrx_word' id='word_1_62' title='bbox 1696 682 1725 713; x_wconf 88' lang='lat' dir='ltr'>a</span> <span class='ocrx_word' id='word_1_63' title='bbox 1775 682 1966 732; x_wconf 83' lang='lat' dir='ltr'>magna</span> 
     </span>
     <span class='ocr_line' id='line_1_9' title="bbox 108 726 1964 799; baseline 0.002 -18"><span class='ocrx_word' id='word_1_64' title='bbox 108 748 203 799; x_wconf 88' lang='lat' dir='ltr'>spe</span> <span class='ocrx_word' id='word_1_65' title='bbox 241 729 448 793; x_wconf 89' lang='lat' dir='ltr'>cecidit,</span> <span class='ocrx_word' id='word_1_66' title='bbox 488 729 611 797; x_wconf 84' lang='lat' dir='ltr'>quia.</span> <span class='ocrx_word' id='word_1_67' title='bbox 640 726 899 789; x_wconf 81' lang='lat' dir='ltr'>Saxones,</span> <span class='ocrx_word' id='word_1_68' title='bbox 941 726 1066 777; x_wconf 88' lang='lat' dir='ltr'>dum</span> <span class='ocrx_word' id='word_1_69' title='bbox 1100 745 1204 778; x_wconf 91' lang='lat' dir='ltr'>non</span> <span class='ocrx_word' id='word_1_70' title='bbox 1231 728 1483 779; x_wconf 88' lang='lat' dir='ltr'>haberent</span> <span class='ocrx_word' id='word_1_71' title='bbox 1509 741 1777 795; x_wconf 78' lang='lat' dir='ltr'>rectorem,</span> <span class='ocrx_word' id='word_1_72' title='bbox 1816 734 1964 785; x_wconf 87' lang='lat' dir='ltr'>facile</span> 
     </span>
     <span class='ocr_line' id='line_1_10' title="bbox 107 796 1964 871; baseline 0.002 -21"><span class='ocrx_word' id='word_1_73' title='bbox 107 799 253 850; x_wconf 86' lang='lat' dir='ltr'>vinci</span> <span class='ocrx_word' id='word_1_74' title='bbox 290 815 444 868; x_wconf 88' lang='lat' dir='ltr'>posse</span> <span class='ocrx_word' id='word_1_75' title='bbox 484 797 731 866; x_wconf 81' lang='lat' dir='ltr'>speravit.</span> <span class='ocrx_word' id='word_1_76' title='bbox 806 796 977 864; x_wconf 82' lang='lat' dir='ltr'>Igitur</span> <span class='ocrx_word' id='word_1_77' title='bbox 1015 798 1249 848; x_wconf 85' lang='lat' dir='ltr'>exercitu</span> <span class='ocrx_word' id='word_1_78' title='bbox 1277 816 1370 848; x_wconf 91' lang='lat' dir='ltr'>suo</span> <span class='ocrx_word' id='word_1_79' title='bbox 1399 798 1615 849; x_wconf 73' lang='lat' dir='ltr'>dimisso</span> <span class='ocrx_word' id='word_1_80' title='bbox 1644 801 1964 871; x_wconf 67' lang='lat' dir='ltr'>consilioque</span> 
     </span>
     <span class='ocr_line' id='line_1_11' title="bbox 107 865 1963 938; baseline 0.001 -18"><span class='ocrx_word' id='word_1_81' title='bbox 107 876 327 933; x_wconf 86' lang='lat' dir='ltr'>mutatO,</span> <span class='ocrx_word' id='word_1_82' title='bbox 366 868 510 918; x_wconf 80' lang='lat' dir='ltr'>misit</span> <span class='ocrx_word' id='word_1_83' title='bbox 546 866 614 917; x_wconf 88' lang='lat' dir='ltr'>ad</span> <span class='ocrx_word' id='word_1_84' title='bbox 652 865 891 917; x_wconf 78' lang='lat' dir='ltr'>Saxones</span> <span class='ocrx_word' id='word_1_85' title='bbox 928 865 1145 934; x_wconf 76' lang='lat' dir='ltr'>legatOS,</span> <span class='ocrx_word' id='word_1_86' title='bbox 1182 868 1407 934; x_wconf 77' lang='lat' dir='ltr'>rogansb</span> <span class='ocrx_word' id='word_1_87' title='bbox 1448 880 1504 918; x_wconf 91' lang='lat' dir='ltr'>ut</span> <span class='ocrx_word' id='word_1_88' title='bbox 1540 869 1963 938; x_wconf 81' lang='lat' dir='ltr'>quandoquidem</span> 
     </span>
     <span class='ocr_line' id='line_1_12' title="bbox 107 934 1963 1011; baseline 0.001 -23"><span class='ocrx_word' id='word_1_89' title='bbox 107 937 310 989; x_wconf 88' lang='lat' dir='ltr'>nollent</span> <span class='ocrx_word' id='word_1_90' title='bbox 346 956 461 989; x_wconf 90' lang='lat' dir='ltr'>esse</span> <span class='ocrx_word' id='word_1_91' title='bbox 500 937 611 987; x_wconf 87' lang='lat' dir='ltr'>sine</span> <span class='ocrx_word' id='word_1_92' title='bbox 638 954 778 1003; x_wconf 89' lang='lat' dir='ltr'>rege,</span> <span class='ocrx_word' id='word_1_93' title='bbox 814 934 981 984; x_wconf 87' lang='lat' dir='ltr'>filium</span> <span class='ocrx_word' id='word_1_94' title='bbox 1010 953 1158 985; x_wconf 87' lang='lat' dir='ltr'>suum</span> <span class='ocrx_word' id='word_1_95' title='bbox 1189 935 1290 986; x_wconf 88' lang='lat' dir='ltr'>sibi</span> <span class='ocrx_word' id='word_1_96' title='bbox 1321 936 1549 988; x_wconf 84' lang='lat' dir='ltr'>facerent</span> <span class='ocrx_word' id='word_1_97' title='bbox 1575 957 1766 1003; x_wconf 74' lang='lat' dir='ltr'>regem,</span> <span class='ocrx_word' id='word_1_98' title='bbox 1806 959 1963 1011; x_wconf 86' lang='lat' dir='ltr'>seque</span> 
     </span>
     <span class='ocr_line' id='line_1_13' title="bbox 108 1004 1962 1075; baseline 0 -17"><span class='ocrx_word' id='word_1_99' title='bbox 108 1006 212 1058; x_wconf 85' lang='lat' dir='ltr'>illis</span> <span class='ocrx_word' id='word_1_100' title='bbox 248 1009 439 1066; x_wconf 88' lang='lat' dir='ltr'>iurare,</span> <span class='ocrx_word' id='word_1_101' title='bbox 488 1004 631 1075; x_wconf 87' lang='lat' dir='ltr'>quod</span> <span class='ocrx_word' id='word_1_102' title='bbox 676 1021 967 1073; x_wconf 85' lang='lat' dir='ltr'>numquam</span> <span class='ocrx_word' id='word_1_103' title='bbox 1016 1005 1233 1056; x_wconf 83' lang='lat' dir='ltr'>intraret</span> <span class='ocrx_word' id='word_1_104' title='bbox 1278 1015 1466 1056; x_wconf 86' lang='lat' dir='ltr'>terram</span> <span class='ocrx_word' id='word_1_105' title='bbox 1510 1009 1786 1058; x_wconf 81' lang='lat' dir='ltr'>Saxoniac.</span> <span class='ocrx_word' id='word_1_106' title='bbox 1863 1011 1962 1060; x_wconf 74' lang='lat' dir='ltr'>Cui</span> 
     </span>
     <span class='ocr_line' id='line_1_14' title="bbox 107 1073 1965 1146; baseline -0.001 -17"><span class='ocrx_word' id='word_1_107' title='bbox 107 1076 360 1146; x_wconf 84' lang='lat' dir='ltr'>legationi</span> <span class='ocrx_word' id='word_1_108' title='bbox 387 1075 496 1125; x_wconf 84' lang='lat' dir='ltr'>dux</span> <span class='ocrx_word' id='word_1_109' title='bbox 524 1074 667 1137; x_wconf 91' lang='lat' dir='ltr'>Otto,</span> <span class='ocrx_word' id='word_1_110' title='bbox 707 1075 843 1124; x_wconf 88' lang='lat' dir='ltr'>sicut</span> <span class='ocrx_word' id='word_1_111' title='bbox 879 1081 990 1124; x_wconf 87' lang='lat' dir='ltr'>erat</span> <span class='ocrx_word' id='word_1_112' title='bbox 1028 1073 1209 1124; x_wconf 82' lang='lat' dir='ltr'>solitus</span> <span class='ocrx_word' id='word_1_113' title='bbox 1247 1075 1422 1125; x_wconf 87' lang='lat' dir='ltr'>iocose</span> <span class='ocrx_word' id='word_1_114' title='bbox 1461 1094 1651 1138; x_wconf 78' lang='lat' dir='ltr'>magna</span> <span class='ocrx_word' id='word_1_115' title='bbox 1678 1079 1809 1127; x_wconf 80' lang='lat' dir='ltr'>seria</span> <span class='ocrx_word' id='word_1_116' title='bbox 1841 1097 1965 1128; x_wconf 83' lang='lat' dir='ltr'>non·</span> 
     </span>
     <span class='ocr_line' id='line_1_15' title="bbox 107 1137 1964 1212; baseline -0.001 -14"><span class='ocrx_word' id='word_1_117' title='bbox 107 1145 252 1198; x_wconf 87' lang='lat' dir='ltr'>nullo</span> <span class='ocrx_word' id='word_1_118' title='bbox 281 1145 547 1197; x_wconf 91' lang='lat' dir='ltr'>schemate</span> <span class='ocrx_word' id='word_1_119' title='bbox 573 1143 792 1194; x_wconf 89' lang='lat' dir='ltr'>ludendi</span> <span class='ocrx_word' id='word_1_120' title='bbox 820 1141 1012 1205; x_wconf 82' lang='lat' dir='ltr'>velare,</span> <span class='ocrx_word' id='word_1_121' title='bbox 1051 1143 1348 1211; x_wconf 83' lang='lat' dir='ltr'>respondit:</span> <span class='ocrx_word' id='word_1_122' title='bbox 1389 1137 1608 1212; x_wconf 75' lang='lat' dir='ltr'>‘Saepe’,</span> <span class='ocrx_word' id='word_1_123' title='bbox 1649 1145 1842 1210; x_wconf 83' lang='lat' dir='ltr'>dicens,</span> <span class='ocrx_word' id='word_1_124' title='bbox 1882 1155 1964 1196; x_wconf 73' lang='lat' dir='ltr'>‘ex</span> 
     </span>
     <span class='ocr_line' id='line_1_16' title="bbox 109 1212 1964 1282; baseline -0.002 -14"><span class='ocrx_word' id='word_1_125' title='bbox 109 1215 247 1268; x_wconf 90' lang='lat' dir='ltr'>bove</span> <span class='ocrx_word' id='word_1_126' title='bbox 284 1214 423 1266; x_wconf 90' lang='lat' dir='ltr'>malo</span> <span class='ocrx_word' id='word_1_127' title='bbox 463 1213 662 1265; x_wconf 88' lang='lat' dir='ltr'>malum</span> <span class='ocrx_word' id='word_1_128' title='bbox 699 1212 923 1264; x_wconf 81' lang='lat' dir='ltr'>vitulum</span> <span class='ocrx_word' id='word_1_129' title='bbox 962 1212 1071 1263; x_wconf 90' lang='lat' dir='ltr'>vidi</span> <span class='ocrx_word' id='word_1_130' title='bbox 1109 1222 1439 1280; x_wconf 73' lang='lat' dir='ltr'>generatum,</span> <span class='ocrx_word' id='word_1_131' title='bbox 1495 1214 1715 1282; x_wconf 87' lang='lat' dir='ltr'>ideoque</span> <span class='ocrx_word' id='word_1_132' title='bbox 1755 1232 1848 1265; x_wconf 86' lang='lat' dir='ltr'>nce</span> <span class='ocrx_word' id='word_1_133' title='bbox 1877 1216 1964 1265; x_wconf 80' lang='lat' dir='ltr'>tilii</span> 
     </span>
     <span class='ocr_line' id='line_1_17' title="bbox 107 1282 1007 1353; baseline -0.006 -16"><span class='ocrx_word' id='word_1_134' title='bbox 107 1303 208 1337; x_wconf 89' lang='lat' dir='ltr'>nec</span> <span class='ocrx_word' id='word_1_135' title='bbox 243 1286 410 1353; x_wconf 87' lang='lat' dir='ltr'>patris</span> <span class='ocrx_word' id='word_1_136' title='bbox 448 1283 618 1335; x_wconf 89' lang='lat' dir='ltr'>habeo</span> <span class='ocrx_word' id='word_1_137' title='bbox 658 1282 1007 1334; x_wconf 85' lang='lat' dir='ltr'>desiderium&#39;.</span> 
     </span>
    </p>

    <p class='ocr_par' dir='ltr' id='par_1_3' title="bbox 107 1349 2132 3227">
     <span class='ocr_line' id='line_1_18' title="bbox 254 1349 2063 1421; baseline -0.001 -17"><span class='ocrx_word' id='word_1_138' title='bbox 254 1355 368 1406; x_wconf 73' lang='lat'>126.</span> <span class='ocrx_word' id='word_1_139' title='bbox 442 1353 732 1404; x_wconf 86' lang='lat' dir='ltr'>Transacto</span> <span class='ocrx_word' id='word_1_140' title='bbox 759 1369 882 1403; x_wconf 84' lang='lat' dir='ltr'>vero</span> <span class='ocrx_word' id='word_1_141' title='bbox 910 1349 1073 1402; x_wconf 89' lang='lat' dir='ltr'>natali</span> <span class='ocrx_word' id='word_1_142' title='bbox 1099 1350 1318 1401; x_wconf 88' lang='lat' dir='ltr'>Domini</span> <span class='ocrx_word' id='word_1_143' title='bbox 1344 1352 1604 1419; x_wconf 77' lang='lat' dir='ltr'>proximo,</span> <span class='ocrx_word' id='word_1_144' title='bbox 1644 1371 1745 1421; x_wconf 82' lang='lat' dir='ltr'>quo</span> <span class='ocrx_word' id='word_1_145' title='bbox 1788 1354 1962 1404; x_wconf 69' lang='lat'>1081112</span> <span class='ocrx_word' id='word_1_146' title='bbox 1984 1359 2063 1416; x_wconf 55' lang='grc' dir='ltr'>ἵζω·</span> 
     </span>
     <span class='ocr_line' id='line_1_19' title="bbox 109 1408 2068 1490; baseline -0.002 -15"><span class='ocrx_word' id='word_1_147' title='bbox 109 1423 178 1475; x_wconf 91' lang='lat' dir='ltr'>ab</span> <span class='ocrx_word' id='word_1_148' title='bbox 205 1424 566 1475; x_wconf 82' lang='lat' dir='ltr'>incarnatione</span> <span class='ocrx_word' id='word_1_149' title='bbox 592 1423 813 1473; x_wconf 88' lang='lat' dir='ltr'>Domini</span> <span class='ocrx_word' id='word_1_150' title='bbox 850 1423 1093 1490; x_wconf 88' lang='lat' dir='ltr'>inceptus</span> <span class='ocrx_word' id='word_1_151' title='bbox 1131 1439 1298 1471; x_wconf 87' lang='lat' dir='ltr'>annus</span> <span class='ocrx_word' id='word_1_152' title='bbox 1325 1430 1449 1485; x_wconf 90' lang='lat' dir='ltr'>erat,</span> <span class='ocrx_word' id='word_1_153' title='bbox 1489 1421 1771 1472; x_wconf 89' lang='lat' dir='ltr'>Heinricus</span> <span class='ocrx_word' id='word_1_154' title='bbox 1798 1441 1960 1473; x_wconf 78' lang='lat' dir='ltr'>exrex</span> <span class='ocrx_word' id='word_1_155' title='bbox 1981 1408 2068 1487; x_wconf 48' lang='grc' dir='ltr'>ἵζει</span> 
     </span>
     <span class='ocr_line' id='line_1_20' title="bbox 108 1482 2132 1562; baseline -0.003 -16"><span class='ocrx_word' id='word_1_156' title='bbox 108 1492 318 1546; x_wconf 85' lang='lat' dir='ltr'>Italiam</span> <span class='ocrx_word' id='word_1_157' title='bbox 345 1493 662 1562; x_wconf 80' lang='lat' dir='ltr'>disponebat</span> <span class='ocrx_word' id='word_1_158' title='bbox 685 1491 909 1560; x_wconf 85' lang='lat' dir='ltr'>ingredi,</span> <span class='ocrx_word' id='word_1_159' title='bbox 935 1500 993 1542; x_wconf 89' lang='lat' dir='ltr'>ut</span> <span class='ocrx_word' id='word_1_160' title='bbox 1015 1490 1309 1559; x_wconf 87' lang='lat' dir='ltr'>imponeret</span> <span class='ocrx_word' id='word_1_161' title='bbox 1327 1489 1583 1559; x_wconf 70' lang='lat' dir='ltr'>aliquem*</span> <span class='ocrx_word' id='word_1_162' title='bbox 1611 1492 1766 1541; x_wconf 75' lang='lat' dir='ltr'>tinem</span> <span class='ocrx_word' id='word_1_163' title='bbox 1788 1510 1960 1542; x_wconf 89' lang='lat' dir='ltr'>rerum</span> <span class='ocrx_word' id='word_1_164' title='bbox 1980 1509 2034 1551; x_wconf 58' lang='grc' dir='ltr'>*μ</span> <span class='ocrx_word' id='word_1_165' title='bbox 2053 1482 2132 1544; x_wconf 66' lang='lat' dir='ltr'>ssa.</span> 
     </span>
     <span class='ocr_line' id='line_1_21' title="bbox 111 1558 1962 1631; baseline -0.001 -18"><span class='ocrx_word' id='word_1_166' title='bbox 111 1581 327 1614; x_wconf 88' lang='lat' dir='ltr'>suarum</span> <span class='ocrx_word' id='word_1_167' title='bbox 376 1562 535 1631; x_wconf 91' lang='lat' dir='ltr'>longo</span> <span class='ocrx_word' id='word_1_168' title='bbox 582 1562 764 1626; x_wconf 87' lang='lat' dir='ltr'>labori,</span> <span class='ocrx_word' id='word_1_169' title='bbox 817 1559 1016 1612; x_wconf 89' lang='lat' dir='ltr'>scilicet</span> <span class='ocrx_word' id='word_1_170' title='bbox 1057 1568 1115 1610; x_wconf 92' lang='lat' dir='ltr'>ut</span> <span class='ocrx_word' id='word_1_171' title='bbox 1151 1558 1234 1610; x_wconf 83' lang='lat' dir='ltr'>vel</span> <span class='ocrx_word' id='word_1_172' title='bbox 1281 1559 1474 1610; x_wconf 90' lang='lat' dir='ltr'>domno</span> <span class='ocrx_word' id='word_1_173' title='bbox 1522 1578 1660 1629; x_wconf 87' lang='lat' dir='ltr'>papa</span> <span class='ocrx_word' id='word_1_174' title='bbox 1709 1560 1962 1629; x_wconf 83' lang='lat' dir='ltr'>Gregorio</span> 
     </span>
     <span class='ocr_line' id='line_1_22' title="bbox 108 1630 1965 1700; baseline -0.002 -16"><span class='ocrx_word' id='word_1_175' title='bbox 108 1632 471 1684; x_wconf 75' lang='lat' dir='ltr'>humiliatione</span> <span class='ocrx_word' id='word_1_176' title='bbox 510 1632 632 1683; x_wconf 87' lang='lat' dir='ltr'>ficta</span> <span class='ocrx_word' id='word_1_177' title='bbox 671 1630 896 1700; x_wconf 88' lang='lat' dir='ltr'>placato,</span> <span class='ocrx_word' id='word_1_178' title='bbox 950 1631 1059 1680; x_wconf 82' lang='lat' dir='ltr'>sive</span> <span class='ocrx_word' id='word_1_179' title='bbox 1097 1630 1153 1679; x_wconf 84' lang='lat' dir='ltr'>vi</span> <span class='ocrx_word' id='word_1_180' title='bbox 1199 1630 1473 1697; x_wconf 67' lang='lat' dir='ltr'>tyrannica</span> <span class='ocrx_word' id='word_1_181' title='bbox 1519 1640 1716 1694; x_wconf 88' lang='lat' dir='ltr'>coacto,</span> <span class='ocrx_word' id='word_1_182' title='bbox 1753 1630 1965 1680; x_wconf 71' lang='lat' dir='ltr'>vincula</span> 
     </span>
     <span class='ocr_line' id='line_1_23' title="bbox 107 1698 1967 1771; baseline -0.002 -17"><span class='ocrx_word' id='word_1_183' title='bbox 107 1702 288 1767; x_wconf 87' lang='lat' dir='ltr'>banni,</span> <span class='ocrx_word' id='word_1_184' title='bbox 328 1702 521 1771; x_wconf 84' lang='lat' dir='ltr'>quibus</span> <span class='ocrx_word' id='word_1_185' title='bbox 561 1710 673 1752; x_wconf 87' lang='lat' dir='ltr'>erat</span> <span class='ocrx_word' id='word_1_186' title='bbox 707 1700 921 1770; x_wconf 84' lang='lat' dir='ltr'>ligatus,</span> <span class='ocrx_word' id='word_1_187' title='bbox 961 1708 1193 1764; x_wconf 82' lang='lat' dir='ltr'>exueret,</span> <span class='ocrx_word' id='word_1_188' title='bbox 1234 1698 1317 1749; x_wconf 85' lang='lat' dir='ltr'>vel</span> <span class='ocrx_word' id='word_1_189' title='bbox 1356 1698 1494 1766; x_wconf 85' lang='lat' dir='ltr'>quod</span> <span class='ocrx_word' id='word_1_190' title='bbox 1533 1701 1700 1766; x_wconf 84' lang='lat' dir='ltr'>magis</span> <span class='ocrx_word' id='word_1_191' title='bbox 1738 1699 1967 1766; x_wconf 78' lang='lat' dir='ltr'>volebat,</span> 
     </span>
     <span class='ocr_line' id='line_1_24' title="bbox 114 1769 1967 1841; baseline -0.002 -18"><span class='ocrx_word' id='word_1_192' title='bbox 114 1771 374 1841; x_wconf 86' lang='lat' dir='ltr'>Gregorio</span> <span class='ocrx_word' id='word_1_193' title='bbox 401 1790 496 1839; x_wconf 89' lang='lat' dir='ltr'>per</span> <span class='ocrx_word' id='word_1_194' title='bbox 520 1773 628 1822; x_wconf 90' lang='lat' dir='ltr'>vim</span> <span class='ocrx_word' id='word_1_195' title='bbox 670 1771 734 1822; x_wconf 87' lang='lat' dir='ltr'>de</span> <span class='ocrx_word' id='word_1_196' title='bbox 773 1770 896 1822; x_wconf 86' lang='lat' dir='ltr'>sede</span> <span class='ocrx_word' id='word_1_197' title='bbox 933 1769 1271 1838; x_wconf 87' lang='lat' dir='ltr'>pontificatus</span> <span class='ocrx_word' id='word_1_198' title='bbox 1311 1770 1493 1834; x_wconf 91' lang='lat' dir='ltr'>eiecto,</span> <span class='ocrx_word' id='word_1_199' title='bbox 1532 1777 1581 1818; x_wconf 91' lang='lat' dir='ltr'>et</span> <span class='ocrx_word' id='word_1_200' title='bbox 1617 1770 1668 1818; x_wconf 91' lang='lat' dir='ltr'>in</span> <span class='ocrx_word' id='word_1_201' title='bbox 1696 1770 1810 1837; x_wconf 85' lang='lat' dir='ltr'>ipsa</span> <span class='ocrx_word' id='word_1_202' title='bbox 1844 1769 1967 1821; x_wconf 87' lang='lat' dir='ltr'>sede</span> 
     </span>
     <span class='ocr_line' id='line_1_25' title="bbox 111 1838 1965 1910; baseline -0.002 -19"><span class='ocrx_word' id='word_1_203' title='bbox 111 1842 356 1910; x_wconf 73' lang='lat' dir='ltr'>wiperto</span> <span class='ocrx_word' id='word_1_204' title='bbox 395 1842 706 1892; x_wconf 87' lang='lat' dir='ltr'>Ravennate</span> <span class='ocrx_word' id='word_1_205' title='bbox 745 1839 1023 1904; x_wconf 86' lang='lat' dir='ltr'>collocato,</span> <span class='ocrx_word' id='word_1_206' title='bbox 1075 1840 1166 1908; x_wconf 92' lang='lat' dir='ltr'>qui</span> <span class='ocrx_word' id='word_1_207' title='bbox 1210 1840 1314 1889; x_wconf 87' lang='lat' dir='ltr'>iam</span> <span class='ocrx_word' id='word_1_208' title='bbox 1363 1857 1457 1907; x_wconf 89' lang='lat' dir='ltr'>per</span> <span class='ocrx_word' id='word_1_209' title='bbox 1504 1838 1784 1889; x_wconf 84' lang='lat' dir='ltr'>triennium</span> <span class='ocrx_word' id='word_1_210' title='bbox 1833 1840 1965 1890; x_wconf 88' lang='lat' dir='ltr'>iuste</span> 
     </span>
     <span class='ocr_line' id='line_1_26' title="bbox 108 1908 1966 1976; baseline -0.002 -14"><span class='ocrx_word' id='word_1_211' title='bbox 108 1911 284 1963; x_wconf 85' lang='lat' dir='ltr'>fuerat</span> <span class='ocrx_word' id='word_1_212' title='bbox 321 1912 831 1976; x_wconf 78' lang='lat' dir='ltr'>excommunicatus,</span> <span class='ocrx_word' id='word_1_213' title='bbox 882 1908 1046 1961; x_wconf 91' lang='lat' dir='ltr'>libere</span> <span class='ocrx_word' id='word_1_214' title='bbox 1096 1908 1294 1959; x_wconf 88' lang='lat' dir='ltr'>faceret</span> <span class='ocrx_word' id='word_1_215' title='bbox 1331 1909 1504 1957; x_wconf 87' lang='lat' dir='ltr'>omnia</span> <span class='ocrx_word' id='word_1_216' title='bbox 1544 1925 1678 1976; x_wconf 87' lang='lat' dir='ltr'>quae</span> <span class='ocrx_word' id='word_1_217' title='bbox 1718 1926 1839 1959; x_wconf 85' lang='lat' dir='ltr'>suae</span> <span class='ocrx_word' id='word_1_218' title='bbox 1888 1917 1966 1975; x_wconf 67' lang='lat' dir='ltr'>ty-</span> 
     </span>
     <span class='ocr_line' id='line_1_27' title="bbox 110 1976 1966 2050; baseline -0.003 -19"><span class='ocrx_word' id='word_1_219' title='bbox 110 1980 322 2031; x_wconf 89' lang='lat' dir='ltr'>rannidi</span> <span class='ocrx_word' id='word_1_220' title='bbox 358 1979 646 2050; x_wconf 83' lang='lat' dir='ltr'>placerent,</span> <span class='ocrx_word' id='word_1_221' title='bbox 686 1998 808 2031; x_wconf 92' lang='lat' dir='ltr'>cum</span> <span class='ocrx_word' id='word_1_222' title='bbox 846 1979 912 2031; x_wconf 91' lang='lat' dir='ltr'>de</span> <span class='ocrx_word' id='word_1_223' title='bbox 950 1977 1075 2030; x_wconf 88' lang='lat' dir='ltr'>sede</span> <span class='ocrx_word' id='word_1_224' title='bbox 1114 1977 1406 2046; x_wconf 87' lang='lat' dir='ltr'>apostolica</span> <span class='ocrx_word' id='word_1_225' title='bbox 1445 1978 1611 2028; x_wconf 88' lang='lat' dir='ltr'>omnis</span> <span class='ocrx_word' id='word_1_226' title='bbox 1638 1995 1762 2027; x_wconf 90' lang='lat' dir='ltr'>suae</span> <span class='ocrx_word' id='word_1_227' title='bbox 1788 1976 1966 2026; x_wconf 83' lang='lat' dir='ltr'>volun-</span> 
     </span>
     <span class='ocr_line' id='line_1_28' title="bbox 109 2047 1964 2115; baseline -0.004 -12"><span class='ocrx_word' id='word_1_228' title='bbox 109 2051 232 2103; x_wconf 85' lang='lat' dir='ltr'>tatis</span> <span class='ocrx_word' id='word_1_229' title='bbox 285 2050 522 2102; x_wconf 85' lang='lat' dir='ltr'>favorem</span> <span class='ocrx_word' id='word_1_230' title='bbox 577 2050 809 2102; x_wconf 89' lang='lat' dir='ltr'>haberet.</span> <span class='ocrx_word' id='word_1_231' title='bbox 916 2049 1020 2100; x_wconf 79' lang='lat' dir='ltr'>Sed</span> <span class='ocrx_word' id='word_1_232' title='bbox 1077 2047 1361 2098; x_wconf 86' lang='lat' dir='ltr'>familiares</span> <span class='ocrx_word' id='word_1_233' title='bbox 1415 2047 1581 2115; x_wconf 85' lang='lat' dir='ltr'>ipsius</span> <span class='ocrx_word' id='word_1_234' title='bbox 1639 2064 1743 2096; x_wconf 91' lang='lat' dir='ltr'>non</span> <span class='ocrx_word' id='word_1_235' title='bbox 1796 2054 1964 2097; x_wconf 89' lang='lat' dir='ltr'>tutum</span> 
     </span>
     <span class='ocr_line' id='line_1_29' title="bbox 109 2115 1965 2190; baseline -0.004 -18"><span class='ocrx_word' id='word_1_236' title='bbox 109 2120 374 2190; x_wconf 84' lang='lat' dir='ltr'>putabant</span> <span class='ocrx_word' id='word_1_237' title='bbox 408 2121 536 2186; x_wconf 88' lang='lat' dir='ltr'>fore,</span> <span class='ocrx_word' id='word_1_238' title='bbox 578 2119 883 2172; x_wconf 79' lang='lat' dir='ltr'>Saxonibus</span> <span class='ocrx_word' id='word_1_239' title='bbox 921 2118 1119 2169; x_wconf 82' lang='lat' dir='ltr'>recenti</span> <span class='ocrx_word' id='word_1_240' title='bbox 1155 2116 1356 2186; x_wconf 86' lang='lat' dir='ltr'>proelio</span> <span class='ocrx_word' id='word_1_241' title='bbox 1389 2115 1722 2168; x_wconf 80' lang='lat' dir='ltr'>vehementer</span> <span class='ocrx_word' id='word_1_242' title='bbox 1759 2133 1965 2166; x_wconf 80' lang='lat' dir='ltr'>exacer-</span> 
     </span>
     <span class='ocr_line' id='line_1_30' title="bbox 109 2183 1965 2256; baseline -0.004 -15"><span class='ocrx_word' id='word_1_243' title='bbox 109 2191 247 2242; x_wconf 85' lang='lat' dir='ltr'>batis</span> <span class='ocrx_word' id='word_1_244' title='bbox 285 2190 613 2241; x_wconf 83' lang='lat' dir='ltr'>invadendos</span> <span class='ocrx_word' id='word_1_245' title='bbox 650 2190 784 2240; x_wconf 87' lang='lat' dir='ltr'>fines</span> <span class='ocrx_word' id='word_1_246' title='bbox 824 2206 946 2239; x_wconf 87' lang='lat' dir='ltr'>suos</span> <span class='ocrx_word' id='word_1_247' title='bbox 983 2186 1296 2256; x_wconf 88' lang='lat' dir='ltr'>relinquere,</span> <span class='ocrx_word' id='word_1_248' title='bbox 1335 2204 1454 2236; x_wconf 93' lang='lat' dir='ltr'>cum</span> <span class='ocrx_word' id='word_1_249' title='bbox 1494 2185 1557 2236; x_wconf 87' lang='lat' dir='ltr'>de</span> <span class='ocrx_word' id='word_1_250' title='bbox 1596 2185 1821 2236; x_wconf 77' lang='lat' dir='ltr'>adventu</span> <span class='ocrx_word' id='word_1_251' title='bbox 1858 2183 1965 2234; x_wconf 93' lang='lat' dir='ltr'>illo-</span> 
     </span>
     <span class='ocr_line' id='line_1_31' title="bbox 109 2252 1965 2325; baseline -0.005 -13"><span class='ocrx_word' id='word_1_252' title='bbox 109 2279 228 2312; x_wconf 85' lang='lat' dir='ltr'>rum</span> <span class='ocrx_word' id='word_1_253' title='bbox 268 2260 652 2312; x_wconf 85' lang='lat' dir='ltr'>dubitationem</span> <span class='ocrx_word' id='word_1_254' title='bbox 689 2258 887 2310; x_wconf 75' lang='lat' dir='ltr'>nullam</span> <span class='ocrx_word' id='word_1_255' title='bbox 924 2257 1193 2322; x_wconf 86' lang='lat' dir='ltr'>haberent,</span> <span class='ocrx_word' id='word_1_256' title='bbox 1243 2259 1286 2306; x_wconf 88' lang='lat' dir='ltr'>si</span> <span class='ocrx_word' id='word_1_257' title='bbox 1325 2264 1602 2325; x_wconf 85' lang='lat' dir='ltr'>pergentes</span> <span class='ocrx_word' id='word_1_258' title='bbox 1652 2256 1704 2304; x_wconf 90' lang='lat' dir='ltr'>in</span> <span class='ocrx_word' id='word_1_259' title='bbox 1743 2252 1965 2318; x_wconf 88' lang='lat' dir='ltr'>Italiam,</span> 
     </span>
     <span class='ocr_line' id='line_1_32' title="bbox 111 2323 1967 2398; baseline -0.005 -16"><span class='ocrx_word' id='word_1_260' title='bbox 111 2348 261 2382; x_wconf 86' lang='lat' dir='ltr'>suam</span> <span class='ocrx_word' id='word_1_261' title='bbox 309 2331 538 2398; x_wconf 86' lang='lat' dir='ltr'>patriam</span> <span class='ocrx_word' id='word_1_262' title='bbox 601 2332 714 2381; x_wconf 91' lang='lat' dir='ltr'>sine</span> <span class='ocrx_word' id='word_1_263' title='bbox 762 2329 956 2380; x_wconf 86' lang='lat' dir='ltr'>virtute</span> <span class='ocrx_word' id='word_1_264' title='bbox 1015 2326 1228 2378; x_wconf 88' lang='lat' dir='ltr'>militari</span> <span class='ocrx_word' id='word_1_265' title='bbox 1292 2326 1626 2376; x_wconf 87' lang='lat' dir='ltr'>dimitterent.</span> <span class='ocrx_word' id='word_1_266' title='bbox 1711 2323 1967 2373; x_wconf 77' lang='lat' dir='ltr'>Miserunt</span> 
     </span>
     <span class='ocr_line' id='line_1_33' title="bbox 109 2392 1963 2468; baseline -0.005 -17"><span class='ocrx_word' id='word_1_267' title='bbox 109 2417 235 2468; x_wconf 88' lang='lat' dir='ltr'>ergo</span> <span class='ocrx_word' id='word_1_268' title='bbox 286 2400 619 2468; x_wconf 88' lang='lat' dir='ltr'>principibus</span> <span class='ocrx_word' id='word_1_269' title='bbox 666 2399 859 2450; x_wconf 88' lang='lat' dir='ltr'>nostris</span> <span class='ocrx_word' id='word_1_270' title='bbox 908 2398 1137 2462; x_wconf 87' lang='lat' dir='ltr'>nuntios,</span> <span class='ocrx_word' id='word_1_271' title='bbox 1195 2397 1285 2465; x_wconf 91' lang='lat' dir='ltr'>qui</span> <span class='ocrx_word' id='word_1_272' title='bbox 1339 2393 1602 2462; x_wconf 86' lang='lat' dir='ltr'>singulare</span> <span class='ocrx_word' id='word_1_273' title='bbox 1651 2392 1963 2461; x_wconf 88' lang='lat' dir='ltr'>colloquium</span> 
     </span>
     <span class='ocr_line' id='line_1_34' title="bbox 107 2467 1963 2538; baseline -0.006 -16"><span class='ocrx_word' id='word_1_274' title='bbox 107 2479 372 2538; x_wconf 87' lang='lat' dir='ltr'>rogantes,</span> <span class='ocrx_word' id='word_1_275' title='bbox 411 2478 622 2537; x_wconf 88' lang='lat' dir='ltr'>tempus</span> <span class='ocrx_word' id='word_1_276' title='bbox 661 2476 713 2520; x_wconf 93' lang='lat' dir='ltr'>et</span> <span class='ocrx_word' id='word_1_277' title='bbox 748 2467 921 2519; x_wconf 84' lang='lat' dir='ltr'>locum</span> <span class='ocrx_word' id='word_1_278' title='bbox 949 2467 1306 2536; x_wconf 88' lang='lat' dir='ltr'>praefinirent,</span> <span class='ocrx_word' id='word_1_279' title='bbox 1345 2482 1446 2534; x_wconf 86' lang='lat' dir='ltr'>quo</span> <span class='ocrx_word' id='word_1_280' title='bbox 1481 2482 1546 2514; x_wconf 84' lang='lat' dir='ltr'>ex</span> <span class='ocrx_word' id='word_1_281' title='bbox 1574 2471 1791 2530; x_wconf 88' lang='lat' dir='ltr'>utraque</span> <span class='ocrx_word' id='word_1_282' title='bbox 1817 2471 1963 2530; x_wconf 88' lang='lat' dir='ltr'>parte</span> 
     </span>
     <span class='ocr_line' id='line_1_35' title="bbox 107 2532 1962 2608; baseline -0.005 -18"><span class='ocrx_word' id='word_1_283' title='bbox 107 2540 379 2608; x_wconf 88' lang='lat' dir='ltr'>principes</span> <span class='ocrx_word' id='word_1_284' title='bbox 427 2537 595 2603; x_wconf 90' lang='lat' dir='ltr'>electi,</span> <span class='ocrx_word' id='word_1_285' title='bbox 653 2538 719 2589; x_wconf 92' lang='lat' dir='ltr'>de</span> <span class='ocrx_word' id='word_1_286' title='bbox 770 2537 1040 2589; x_wconf 90' lang='lat' dir='ltr'>communi</span> <span class='ocrx_word' id='word_1_287' title='bbox 1088 2536 1226 2588; x_wconf 88' lang='lat' dir='ltr'>bono</span> <span class='ocrx_word' id='word_1_288' title='bbox 1282 2534 1554 2585; x_wconf 85' lang='lat' dir='ltr'>tractaturi</span> <span class='ocrx_word' id='word_1_289' title='bbox 1610 2532 1962 2582; x_wconf 76' lang='lat' dir='ltr'>convenirent.</span> 
     </span>
     <span class='ocr_line' id='line_1_36' title="bbox 111 2598 1964 2675; baseline -0.007 -14"><span class='ocrx_word' id='word_1_290' title='bbox 111 2608 489 2662; x_wconf 81' lang='lat' dir='ltr'>Convenerunt</span> <span class='ocrx_word' id='word_1_291' title='bbox 524 2616 699 2660; x_wconf 88' lang='lat' dir='ltr'>autem</span> <span class='ocrx_word' id='word_1_292' title='bbox 726 2607 864 2660; x_wconf 86' lang='lat' dir='ltr'>ultra</span> <span class='ocrx_word' id='word_1_293' title='bbox 889 2606 1113 2657; x_wconf 87' lang='lat' dir='ltr'>fluvium</span> <span class='ocrx_word' id='word_1_294' title='bbox 1148 2605 1237 2675; x_wconf 86' lang='lat' dir='ltr'>qui</span> <span class='ocrx_word' id='word_1_295' title='bbox 1263 2605 1474 2655; x_wconf 69' lang='lat' dir='ltr'>VVisara</span> <span class='ocrx_word' id='word_1_296' title='bbox 1500 2603 1705 2664; x_wconf 84' lang='lat' dir='ltr'>dicitur,</span> <span class='ocrx_word' id='word_1_297' title='bbox 1742 2601 1793 2649; x_wconf 93' lang='lat' dir='ltr'>in</span> <span class='ocrx_word' id='word_1_298' title='bbox 1832 2598 1964 2650; x_wconf 80' lang='lat' dir='ltr'>silva</span> 
     </span>
     <span class='ocr_line' id='line_1_37' title="bbox 110 2669 1959 2749; baseline -0.006 -20"><span class='ocrx_word' id='word_1_299' title='bbox 110 2695 248 2749; x_wconf 86' lang='lat' dir='ltr'>quae</span> <span class='ocrx_word' id='word_1_300' title='bbox 297 2678 420 2730; x_wconf 90' lang='lat' dir='ltr'>inde</span> <span class='ocrx_word' id='word_1_301' title='bbox 468 2677 726 2747; x_wconf 89' lang='lat' dir='ltr'>Capuana</span> <span class='ocrx_word' id='word_1_302' title='bbox 760 2686 999 2741; x_wconf 87' lang='lat' dir='ltr'>vocatur,</span> <span class='ocrx_word' id='word_1_303' title='bbox 1052 2676 1177 2745; x_wconf 90' lang='lat' dir='ltr'>quia</span> <span class='ocrx_word' id='word_1_304' title='bbox 1222 2673 1288 2724; x_wconf 89' lang='lat' dir='ltr'>ad</span> <span class='ocrx_word' id='word_1_305' title='bbox 1338 2673 1521 2724; x_wconf 90' lang='lat' dir='ltr'>urbem</span> <span class='ocrx_word' id='word_1_306' title='bbox 1573 2688 1704 2741; x_wconf 86' lang='lat' dir='ltr'>quae</span> <span class='ocrx_word' id='word_1_307' title='bbox 1745 2669 1959 2737; x_wconf 87' lang='lat' dir='ltr'>Capua¹</span> 
     </span>
     <span class='ocr_line' id='line_1_38' title="bbox 107 2738 2082 2817; baseline -0.009 -16"><span class='ocrx_word' id='word_1_308' title='bbox 107 2749 413 2801; x_wconf 82' lang='lat' dir='ltr'>nominatur</span> <span class='ocrx_word' id='word_1_309' title='bbox 449 2749 711 2817; x_wconf 90' lang='lat' dir='ltr'>pertinere</span> <span class='ocrx_word' id='word_1_310' title='bbox 758 2747 1113 2816; x_wconf 86' lang='lat' dir='ltr'>cognoscitur.</span> <span class='ocrx_word' id='word_1_311' title='bbox 1197 2743 1569 2796; x_wconf 79' lang='lat' dir='ltr'>Convenerunt</span> <span class='ocrx_word' id='word_1_312' title='bbox 1625 2748 1799 2790; x_wconf 87' lang='lat' dir='ltr'>autem</span> <span class='ocrx_word' id='word_1_313' title='bbox 1858 2738 2082 2806; x_wconf 69' lang='lat' dir='ltr'>epi-Febr.</span> 
     </span>
     <span class='ocr_line' id='line_1_39' title="bbox 109 2807 1962 2887; baseline -0.008 -17"><span class='ocrx_word' id='word_1_314' title='bbox 109 2820 261 2887; x_wconf 89' lang='lat' dir='ltr'>scopi</span> <span class='ocrx_word' id='word_1_315' title='bbox 297 2838 366 2870; x_wconf 79' lang='lat' dir='ltr'>ex</span> <span class='ocrx_word' id='word_1_316' title='bbox 401 2817 492 2869; x_wconf 89' lang='lat' dir='ltr'>illa</span> <span class='ocrx_word' id='word_1_317' title='bbox 529 2827 676 2887; x_wconf 86' lang='lat' dir='ltr'>parte</span> <span class='ocrx_word' id='word_1_318' title='bbox 715 2816 1059 2881; x_wconf 86' lang='lat' dir='ltr'>Coloniensis,</span> <span class='ocrx_word' id='word_1_319' title='bbox 1099 2814 1454 2876; x_wconf 87' lang='lat' dir='ltr'>Treverensis,</span> <span class='ocrx_word' id='word_1_320' title='bbox 1492 2807 1962 2875; x_wconf 83' lang='lat' dir='ltr'>Babenbcrgensis,</span> 
     </span>
     <span class='ocr_line' id='line_1_40' title="bbox 110 2877 1961 2956; baseline -0.008 -16"><span class='ocrx_word' id='word_1_321' title='bbox 110 2889 394 2956; x_wconf 89' lang='lat' dir='ltr'>Spirensis,</span> <span class='ocrx_word' id='word_1_322' title='bbox 444 2888 823 2953; x_wconf 81' lang='lat' dir='ltr'>Traiectensis3</span> <span class='ocrx_word' id='word_1_323' title='bbox 880 2906 947 2938; x_wconf 77' lang='lat' dir='ltr'>ex</span> <span class='ocrx_word' id='word_1_324' title='bbox 1001 2892 1182 2936; x_wconf 89' lang='lat' dir='ltr'>nostra</span> <span class='ocrx_word' id='word_1_325' title='bbox 1228 2900 1352 2933; x_wconf 82' lang='lat' dir='ltr'>vero</span> <span class='ocrx_word' id='word_1_326' title='bbox 1409 2890 1556 2950; x_wconf 90' lang='lat' dir='ltr'>parte</span> <span class='ocrx_word' id='word_1_327' title='bbox 1611 2877 1961 2944; x_wconf 83' lang='lat' dir='ltr'>Magontinus,</span> 
     </span>
     <span class='ocr_line' id='line_1_41' title="bbox 107 2945 1961 3027; baseline -0.009 -17"><span class='ocrx_word' id='word_1_328' title='bbox 107 2957 639 3027; x_wconf 84' lang='lat' dir='ltr'>Magedaburgensis,</span> <span class='ocrx_word' id='word_1_329' title='bbox 679 2957 1102 3025; x_wconf 86' lang='lat' dir='ltr'>Salzburgensis,</span> <span class='ocrx_word' id='word_1_330' title='bbox 1151 2949 1674 3011; x_wconf 77' lang='lat' dir='ltr'>PathorbrunnensiS,</span> <span class='ocrx_word' id='word_1_331' title='bbox 1714 2945 1961 2997; x_wconf 89' lang='lat' dir='ltr'>Hildinis-</span> 
     </span>
     <span class='ocr_line' id='line_1_42' title="bbox 108 3013 1963 3096; baseline -0.009 -18"><span class='ocrx_word' id='word_1_332' title='bbox 108 3027 391 3080; x_wconf 88' lang='lat' dir='ltr'>heimensis</span> <span class='ocrx_word' id='word_1_333' title='bbox 407 3037 443 3079; x_wconf 76' lang='lat'>⁰.</span> <span class='ocrx_word' id='word_1_334' title='bbox 518 3026 763 3096; x_wconf 81' lang='lat' dir='ltr'>Cumque</span> <span class='ocrx_word' id='word_1_335' title='bbox 803 3027 892 3096; x_wconf 91' lang='lat' dir='ltr'>qui</span> <span class='ocrx_word' id='word_1_336' title='bbox 930 3044 999 3076; x_wconf 81' lang='lat' dir='ltr'>ex</span> <span class='ocrx_word' id='word_1_337' title='bbox 1024 3023 1112 3075; x_wconf 91' lang='lat' dir='ltr'>illa</span> <span class='ocrx_word' id='word_1_338' title='bbox 1136 3032 1285 3091; x_wconf 86' lang='lat' dir='ltr'>parte</span> <span class='ocrx_word' id='word_1_339' title='bbox 1313 3027 1472 3085; x_wconf 87' lang='lat' dir='ltr'>erant,</span> <span class='ocrx_word' id='word_1_340' title='bbox 1511 3025 1782 3081; x_wconf 87' lang='lat' dir='ltr'>secretum,</span> <span class='ocrx_word' id='word_1_341' title='bbox 1821 3013 1963 3083; x_wconf 87' lang='lat' dir='ltr'>quod</span> 
     </span>
     <span class='ocr_line' id='line_1_43' title="bbox 109 3084 1961 3166; baseline -0.009 -18"><span class='ocrx_word' id='word_1_342' title='bbox 109 3097 206 3148; x_wconf 89' lang='lat' dir='ltr'>soli</span> <span class='ocrx_word' id='word_1_343' title='bbox 244 3097 511 3166; x_wconf 89' lang='lat' dir='ltr'>principes</span> <span class='ocrx_word' id='word_1_344' title='bbox 548 3097 808 3162; x_wconf 88' lang='lat' dir='ltr'>audirent,</span> <span class='ocrx_word' id='word_1_345' title='bbox 856 3095 1051 3147; x_wconf 88' lang='lat' dir='ltr'>habere</span> <span class='ocrx_word' id='word_1_346' title='bbox 1092 3091 1408 3160; x_wconf 91' lang='lat' dir='ltr'>colloquium</span> <span class='ocrx_word' id='word_1_347' title='bbox 1449 3087 1750 3149; x_wconf 83' lang='lat' dir='ltr'>voluissent,</span> <span class='ocrx_word' id='word_1_348' title='bbox 1800 3084 1961 3161; x_wconf 76' lang='lat' dir='ltr'>nostri</span> 
     </span>
     <span class='ocr_line' id='line_1_44' title="bbox 107 3154 1963 3227; baseline -0.009 -10"><span class='ocrx_word' id='word_1_349' title='bbox 107 3166 308 3218; x_wconf 86' lang='lat' dir='ltr'>nullum</span> <span class='ocrx_word' id='word_1_350' title='bbox 359 3184 656 3219; x_wconf 89' lang='lat' dir='ltr'>sermonem</span> <span class='ocrx_word' id='word_1_351' title='bbox 704 3166 941 3218; x_wconf 88' lang='lat' dir='ltr'>conferre</span> <span class='ocrx_word' id='word_1_352' title='bbox 980 3161 1243 3227; x_wconf 87' lang='lat' dir='ltr'>volebant,</span> <span class='ocrx_word' id='word_1_353' title='bbox 1291 3160 1393 3210; x_wconf 88' lang='lat' dir='ltr'>nisi</span> <span class='ocrx_word' id='word_1_354' title='bbox 1441 3174 1597 3226; x_wconf 90' lang='lat' dir='ltr'>quem</span> <span class='ocrx_word' id='word_1_355' title='bbox 1635 3154 1835 3206; x_wconf 90' lang='lat' dir='ltr'>cunctis</span> <span class='ocrx_word' id='word_1_356' title='bbox 1874 3170 1963 3220; x_wconf 80' lang='lat' dir='ltr'>qul</span> 
     </span>
    </p>
   </div>
   <div class='ocr_carea' id='block_1_3' title="bbox 109 3292 1795 3352">
    <p class='ocr_par' dir='ltr' id='par_1_4' title="bbox 109 3292 1795 3352">
     <span class='ocr_line' id='line_1_45' title="bbox 109 3292 1795 3352; baseline -0.009 -10"><span class='ocrx_word' id='word_1_357' title='bbox 109 3308 146 3351; x_wconf 85' lang='lat' dir='ltr'>a)</span> <span class='ocrx_word' id='word_1_358' title='bbox 176 3319 389 3350; x_wconf 82' lang='lat' dir='ltr'>agnoscens</span> <span class='ocrx_word' id='word_1_359' title='bbox 418 3312 453 3343; x_wconf 76' lang='lat'>2.</span> <span class='ocrx_word' id='word_1_360' title='bbox 555 3309 594 3352; x_wconf 90' lang='lat' dir='ltr'>b)</span> <span class='ocrx_word' id='word_1_361' title='bbox 619 3312 670 3342; x_wconf 77' lang='lat' dir='ltr'>ita</span> <span class='ocrx_word' id='word_1_362' title='bbox 701 3312 738 3350; x_wconf 82' lang='lat'>23</span> <span class='ocrx_word' id='word_1_363' title='bbox 766 3310 856 3340; x_wconf 73' lang='lat' dir='ltr'>deest</span> <span class='ocrx_word' id='word_1_364' title='bbox 885 3311 916 3340; x_wconf 88' lang='lat'>1.</span> <span class='ocrx_word' id='word_1_365' title='bbox 1019 3305 1052 3348; x_wconf 86' lang='lat' dir='ltr'>c)</span> <span class='ocrx_word' id='word_1_366' title='bbox 1079 3302 1444 3337; x_wconf 83' lang='lat' dir='ltr'>Hillinisbeimensis</span> <span class='ocrx_word' id='word_1_367' title='bbox 1474 3302 1512 3339; x_wconf 84' lang='lat'>13</span> <span class='ocrx_word' id='word_1_368' title='bbox 1538 3297 1710 3330; x_wconf 79' lang='lat' dir='ltr'>Hilhesh.</span> <span class='ocrx_word' id='word_1_369' title='bbox 1742 3292 1795 3327; x_wconf 75' lang='lat' dir='ltr'>lb.</span> 
     </span>
    </p>
   </div>
   <div class='ocr_carea' id='block_1_4' title="bbox 111 3417 1573 3526">
    <p class='ocr_par' dir='ltr' id='par_1_5' title="bbox 111 3417 1573 3526">
     <span class='ocr_line' id='line_1_46' title="bbox 111 3417 1573 3526; baseline -0.001 -68"><span class='ocrx_word' id='word_1_370' title='bbox 111 3417 153 3472; x_wconf 91' lang='lat'>1)</span> <span class='ocrx_word' id='word_1_371' title='bbox 192 3419 489 3474; x_wconf 69' lang='lat' dir='ltr'>Kauffunqen.</span> <span class='ocrx_word' id='word_1_372' title='bbox 553 3419 607 3460; x_wconf 89' lang='lat' dir='ltr'>P.</span> <span class='ocrx_word' id='word_1_373' title='bbox 1546 3478 1573 3526; x_wconf 82' lang='lat'>7</span> 
     </span>
    </p>
   </div>
  </div>
 </body>
</html>
