<?xml version="1.0" encoding="UTF-8"?>
<!DOCTYPE html PUBLIC "-//W3C//DTD XHTML 1.0 Transitional//EN"
    "http://www.w3.org/TR/xhtml1/DTD/xhtml1-transitional.dtd">
<html xmlns="http://www.w3.org/1999/xhtml" xml:lang="en" lang="en">
 <head>
  <title>
</title>
<meta http-equiv="Content-Type" content="text/html;charset=utf-8" />
  <meta name='ocr-system' content='tesseract 3.04.00' />
  <meta name='ocr-capabilities' content='ocr_page ocr_carea ocr_par ocr_line ocrx_word'/>
</head>
<body>
  <div class='ocr_page' id='page_1' title='image "./brunonisdebellos00brunuoft/brunonisdebellos00brunuoft_0075.png"; bbox 0 0 2204 3765; ppageno 0'>
   <div class='ocr_carea' id='block_1_1' title="bbox 559 115 1910 170">
    <p class='ocr_par' dir='ltr' id='par_1_1' title="bbox 559 115 1910 170">
     <span class='ocr_line' id='line_1_1' title="bbox 559 115 1910 170; baseline 0.012 -16"><span class='ocrx_word' id='word_1_1' title='bbox 559 115 757 156; x_wconf 77' lang='lat' dir='ltr'>BRUNO</span> <span class='ocrx_word' id='word_1_2' title='bbox 791 116 871 155; x_wconf 83' lang='lat' dir='ltr'>DE</span> <span class='ocrx_word' id='word_1_3' title='bbox 905 117 1101 158; x_wconf 87' lang='lat' dir='ltr'>BELLO</span> <span class='ocrx_word' id='word_1_4' title='bbox 1137 120 1442 163; x_wconf 78' lang='lat' dir='ltr'>SAXONICO.</span> <span class='ocrx_word' id='word_1_5' title='bbox 1859 133 1910 170; x_wconf 84' lang='grc'>63</span> 
     </span>
    </p>
   </div>
   <div class='ocr_carea' id='block_1_2' title="bbox 69 250 2038 3326">
    <p class='ocr_par' dir='ltr' id='par_1_2' title="bbox 72 250 2038 1643">
     <span class='ocr_line' id='line_1_2' title="bbox 73 250 2038 322; baseline 0.007 -19"><span class='ocrx_word' id='word_1_6' title='bbox 73 270 235 322; x_wconf 87' lang='lat' dir='ltr'>quam</span> <span class='ocrx_word' id='word_1_7' title='bbox 261 250 483 322; x_wconf 86' lang='lat' dir='ltr'>posthac</span> <span class='ocrx_word' id='word_1_8' title='bbox 510 252 761 304; x_wconf 87' lang='lat' dir='ltr'>servitute</span> <span class='ocrx_word' id='word_1_9' title='bbox 787 255 1144 322; x_wconf 77' lang='lat' dir='ltr'>premendam,</span> <span class='ocrx_word' id='word_1_10' title='bbox 1182 258 1464 311; x_wconf 85' lang='lat' dir='ltr'>adiuvante</span> <span class='ocrx_word' id='word_1_11' title='bbox 1492 261 1626 312; x_wconf 76' lang='lat' dir='ltr'>Deo,</span> <span class='ocrx_word' id='word_1_12' title='bbox 1681 264 1914 318; x_wconf 68' lang='lat' dir='ltr'>Retinete</span> <span class='ocrx_word' id='word_1_13' title='bbox 1938 285 2038 316; x_wconf 66' lang='lat'>10:03.</span> 
     </span>
     <span class='ocr_line' id='line_1_3' title="bbox 73 319 1915 394; baseline 0.007 -22"><span class='ocrx_word' id='word_1_14' title='bbox 73 338 262 372; x_wconf 87' lang='lat' dir='ltr'>manus</span> <span class='ocrx_word' id='word_1_15' title='bbox 311 338 342 370; x_wconf 89' lang='lat' dir='ltr'>a</span> <span class='ocrx_word' id='word_1_16' title='bbox 391 319 602 372; x_wconf 90' lang='lat' dir='ltr'>tributis</span> <span class='ocrx_word' id='word_1_17' title='bbox 663 319 950 389; x_wconf 89' lang='lat' dir='ltr'>solvendis,</span> <span class='ocrx_word' id='word_1_18' title='bbox 1018 327 1238 377; x_wconf 87' lang='lat' dir='ltr'>retinete</span> <span class='ocrx_word' id='word_1_19' title='bbox 1305 332 1660 394; x_wconf 85' lang='lat' dir='ltr'>possessiones</span> <span class='ocrx_word' id='word_1_20' title='bbox 1723 345 1915 384; x_wconf 67' lang='lat' dir='ltr'>vestras</span> 
     </span>
     <span class='ocr_line' id='line_1_4' title="bbox 72 388 1917 467; baseline 0.005 -25"><span class='ocrx_word' id='word_1_21' title='bbox 72 389 282 456; x_wconf 81' lang='lat' dir='ltr'>liberaS,</span> <span class='ocrx_word' id='word_1_22' title='bbox 321 390 458 441; x_wconf 85' lang='lat' dir='ltr'>sicut</span> <span class='ocrx_word' id='word_1_23' title='bbox 494 388 687 440; x_wconf 89' lang='lat' dir='ltr'>liberas</span> <span class='ocrx_word' id='word_1_24' title='bbox 715 408 803 441; x_wconf 89' lang='lat' dir='ltr'>eas</span> <span class='ocrx_word' id='word_1_25' title='bbox 842 410 873 442; x_wconf 90' lang='lat' dir='ltr'>a</span> <span class='ocrx_word' id='word_1_26' title='bbox 899 394 1085 444; x_wconf 85' lang='lat' dir='ltr'>vestris</span> <span class='ocrx_word' id='word_1_27' title='bbox 1124 396 1429 462; x_wconf 79' lang='lat' dir='ltr'>parentibus</span> <span class='ocrx_word' id='word_1_28' title='bbox 1466 401 1755 467; x_wconf 69' lang='lat' dir='ltr'>accepistis.</span> <span class='ocrx_word' id='word_1_29' title='bbox 1816 404 1917 451; x_wconf 71' lang='lat' dir='ltr'>Vos</span> 
     </span>
     <span class='ocr_line' id='line_1_5' title="bbox 73 459 1917 537; baseline 0.005 -27"><span class='ocrx_word' id='word_1_30' title='bbox 73 468 247 512; x_wconf 88' lang='lat' dir='ltr'>autem</span> <span class='ocrx_word' id='word_1_31' title='bbox 295 459 527 510; x_wconf 82' lang='lat' dir='ltr'>fautores</span> <span class='ocrx_word' id='word_1_32' title='bbox 573 459 891 528; x_wconf 88' lang='lat' dir='ltr'>iniquitatis,</span> <span class='ocrx_word' id='word_1_33' title='bbox 948 463 1038 530; x_wconf 91' lang='lat' dir='ltr'>qui</span> <span class='ocrx_word' id='word_1_34' title='bbox 1094 464 1314 515; x_wconf 78' lang='lat' dir='ltr'>miserae</span> <span class='ocrx_word' id='word_1_35' title='bbox 1364 464 1530 533; x_wconf 78' lang='lat' dir='ltr'>plebis</span> <span class='ocrx_word' id='word_1_36' title='bbox 1582 473 1917 537; x_wconf 69' lang='lat' dir='ltr'>oppressione</span> 
     </span>
     <span class='ocr_line' id='line_1_6' title="bbox 75 527 1917 602; baseline 0.005 -22"><span class='ocrx_word' id='word_1_37' title='bbox 75 527 301 581; x_wconf 90' lang='lat' dir='ltr'>crudelis</span> <span class='ocrx_word' id='word_1_38' title='bbox 340 529 551 597; x_wconf 85' lang='lat' dir='ltr'>tyranni</span> <span class='ocrx_word' id='word_1_39' title='bbox 586 529 815 595; x_wconf 80' lang='lat' dir='ltr'>gratiam</span> <span class='ocrx_word' id='word_1_40' title='bbox 863 532 1165 598; x_wconf 81' lang='lat' dir='ltr'>quaesistis,</span> <span class='ocrx_word' id='word_1_41' title='bbox 1213 534 1279 584; x_wconf 90' lang='lat' dir='ltr'>ab</span> <span class='ocrx_word' id='word_1_42' title='bbox 1318 536 1664 602; x_wconf 79' lang='lat' dir='ltr'>opprimendo</span> <span class='ocrx_word' id='word_1_43' title='bbox 1704 551 1917 597; x_wconf 74' lang='lat' dir='ltr'>cessate,</span> 
     </span>
     <span class='ocr_line' id='line_1_7' title="bbox 73 596 1917 676; baseline 0.003 -26"><span class='ocrx_word' id='word_1_44' title='bbox 73 599 140 651; x_wconf 89' lang='lat' dir='ltr'>ab</span> <span class='ocrx_word' id='word_1_45' title='bbox 192 596 457 666; x_wconf 81' lang='lat' dir='ltr'>exigendo</span> <span class='ocrx_word' id='word_1_46' title='bbox 510 598 793 666; x_wconf 83' lang='lat' dir='ltr'>quiescite,</span> <span class='ocrx_word' id='word_1_47' title='bbox 844 609 896 649; x_wconf 86' lang='lat' dir='ltr'>et</span> <span class='ocrx_word' id='word_1_48' title='bbox 943 618 1010 651; x_wconf 87' lang='lat' dir='ltr'>ex</span> <span class='ocrx_word' id='word_1_49' title='bbox 1061 600 1157 651; x_wconf 88' lang='lat' dir='ltr'>hac</span> <span class='ocrx_word' id='word_1_50' title='bbox 1206 601 1332 652; x_wconf 89' lang='lat' dir='ltr'>hora</span> <span class='ocrx_word' id='word_1_51' title='bbox 1379 603 1457 654; x_wconf 81' lang='lat' dir='ltr'>vel</span> <span class='ocrx_word' id='word_1_52' title='bbox 1506 607 1775 657; x_wconf 73' lang='lat' dir='ltr'>nobiscum</span> <span class='ocrx_word' id='word_1_53' title='bbox 1826 627 1917 676; x_wconf 77' lang='lat' dir='ltr'>pro</span> 
     </span>
     <span class='ocr_line' id='line_1_8' title="bbox 72 666 1919 739; baseline 0.005 -21"><span class='ocrx_word' id='word_1_54' title='bbox 72 667 313 720; x_wconf 88' lang='lat' dir='ltr'>libertate</span> <span class='ocrx_word' id='word_1_55' title='bbox 360 667 647 736; x_wconf 88' lang='lat' dir='ltr'>pugnaturi</span> <span class='ocrx_word' id='word_1_56' title='bbox 696 666 922 719; x_wconf 90' lang='lat' dir='ltr'>fideliter</span> <span class='ocrx_word' id='word_1_57' title='bbox 959 677 1010 720; x_wconf 93' lang='lat' dir='ltr'>et</span> <span class='ocrx_word' id='word_1_58' title='bbox 1052 669 1208 721; x_wconf 88' lang='lat' dir='ltr'>iurati</span> <span class='ocrx_word' id='word_1_59' title='bbox 1243 684 1568 739; x_wconf 87' lang='lat' dir='ltr'>permanete,</span> <span class='ocrx_word' id='word_1_60' title='bbox 1618 675 1697 726; x_wconf 70' lang='lat' dir='ltr'>vel</span> <span class='ocrx_word' id='word_1_61' title='bbox 1737 677 1786 726; x_wconf 85' lang='lat' dir='ltr'>in</span> <span class='ocrx_word' id='word_1_62' title='bbox 1827 678 1919 728; x_wconf 58' lang='lat' dir='ltr'>hat·</span> 
     </span>
     <span class='ocr_line' id='line_1_9' title="bbox 72 735 1920 812; baseline 0.004 -23"><span class='ocrx_word' id='word_1_63' title='bbox 72 738 203 789; x_wconf 89' lang='lat' dir='ltr'>hora</span> <span class='ocrx_word' id='word_1_64' title='bbox 238 735 383 789; x_wconf 88' lang='lat' dir='ltr'>velut</span> <span class='ocrx_word' id='word_1_65' title='bbox 419 736 596 788; x_wconf 90' lang='lat' dir='ltr'>hostes</span> <span class='ocrx_word' id='word_1_66' title='bbox 634 736 783 786; x_wconf 89' lang='lat' dir='ltr'>infidi</span> <span class='ocrx_word' id='word_1_67' title='bbox 822 744 872 788; x_wconf 94' lang='lat' dir='ltr'>et</span> <span class='ocrx_word' id='word_1_68' title='bbox 907 739 1103 807; x_wconf 89' lang='lat' dir='ltr'>periuri</span> <span class='ocrx_word' id='word_1_69' title='bbox 1141 757 1171 790; x_wconf 90' lang='lat' dir='ltr'>a</span> <span class='ocrx_word' id='word_1_70' title='bbox 1207 740 1358 791; x_wconf 85' lang='lat' dir='ltr'>nobis</span> <span class='ocrx_word' id='word_1_71' title='bbox 1398 752 1447 793; x_wconf 89' lang='lat' dir='ltr'>et</span> <span class='ocrx_word' id='word_1_72' title='bbox 1472 760 1502 792; x_wconf 88' lang='lat' dir='ltr'>a</span> <span class='ocrx_word' id='word_1_73' title='bbox 1540 747 1708 812; x_wconf 81' lang='lat' dir='ltr'>patria</span> <span class='ocrx_word' id='word_1_74' title='bbox 1745 757 1920 798; x_wconf 79' lang='lat' dir='ltr'>nostra</span> 
     </span>
     <span class='ocr_line' id='line_1_10' title="bbox 73 806 1918 876; baseline 0.004 -18"><span class='ocrx_word' id='word_1_75' title='bbox 73 824 364 876; x_wconf 84' lang='lat' dir='ltr'>numquam</span> <span class='ocrx_word' id='word_1_76' title='bbox 401 806 663 857; x_wconf 87' lang='lat' dir='ltr'>reversuri</span> <span class='ocrx_word' id='word_1_77' title='bbox 701 806 988 858; x_wconf 60' lang='lat' dir='ltr'>discedite)</span> <span class='ocrx_word' id='word_1_78' title='bbox 1049 807 1266 861; x_wconf 80' lang='lat' dir='ltr'>Talibus</span> <span class='ocrx_word' id='word_1_79' title='bbox 1292 811 1466 862; x_wconf 82' lang='lat' dir='ltr'>verbis</span> <span class='ocrx_word' id='word_1_80' title='bbox 1506 823 1555 864; x_wconf 90' lang='lat' dir='ltr'>et</span> <span class='ocrx_word' id='word_1_81' title='bbox 1593 814 1763 865; x_wconf 84' lang='lat' dir='ltr'>hostes</span> <span class='ocrx_word' id='word_1_82' title='bbox 1802 834 1918 866; x_wconf 85' lang='lat' dir='ltr'>con-</span> 
     </span>
     <span class='ocr_line' id='line_1_11' title="bbox 73 875 1918 950; baseline 0.004 -22"><span class='ocrx_word' id='word_1_83' title='bbox 73 876 180 928; x_wconf 86' lang='lat' dir='ltr'>fusi</span> <span class='ocrx_word' id='word_1_84' title='bbox 217 894 249 926; x_wconf 90' lang='lat' dir='ltr'>a</span> <span class='ocrx_word' id='word_1_85' title='bbox 274 875 547 928; x_wconf 89' lang='lat' dir='ltr'>ferocitate</span> <span class='ocrx_word' id='word_1_86' title='bbox 575 875 869 944; x_wconf 87' lang='lat' dir='ltr'>quiescunt,</span> <span class='ocrx_word' id='word_1_87' title='bbox 909 884 960 928; x_wconf 92' lang='lat' dir='ltr'>et</span> <span class='ocrx_word' id='word_1_88' title='bbox 986 878 1124 928; x_wconf 80' lang='lat' dir='ltr'>cives</span> <span class='ocrx_word' id='word_1_89' title='bbox 1152 879 1444 945; x_wconf 86' lang='lat' dir='ltr'>confortati,</span> <span class='ocrx_word' id='word_1_90' title='bbox 1484 884 1702 950; x_wconf 80' lang='lat' dir='ltr'>pristina</span> <span class='ocrx_word' id='word_1_91' title='bbox 1729 885 1918 936; x_wconf 78' lang='lat' dir='ltr'>virtute</span> 
     </span>
     <span class='ocr_line' id='line_1_12' title="bbox 73 945 1920 1022; baseline 0.001 -24"><span class='ocrx_word' id='word_1_92' title='bbox 73 953 301 1015; x_wconf 87' lang='lat' dir='ltr'>recepta,</span> <span class='ocrx_word' id='word_1_93' title='bbox 328 946 383 996; x_wconf 91' lang='lat' dir='ltr'>in</span> <span class='ocrx_word' id='word_1_94' title='bbox 409 945 811 996; x_wconf 84' lang='lat' dir='ltr'>unanimitatem</span> <span class='ocrx_word' id='word_1_95' title='bbox 837 945 989 997; x_wconf 85' lang='lat' dir='ltr'>facile</span> <span class='ocrx_word' id='word_1_96' title='bbox 1017 947 1332 1001; x_wconf 88' lang='lat' dir='ltr'>coalescunt.</span> <span class='ocrx_word' id='word_1_97' title='bbox 1384 948 1679 1003; x_wconf 83' lang='lat' dir='ltr'>Coadunati</span> <span class='ocrx_word' id='word_1_98' title='bbox 1700 954 1920 1022; x_wconf 71' lang='lat' dir='ltr'>denique</span> 
     </span>
     <span class='ocr_line' id='line_1_13' title="bbox 73 1014 1921 1086; baseline 0.003 -19"><span class='ocrx_word' id='word_1_99' title='bbox 73 1015 342 1086; x_wconf 88' lang='lat' dir='ltr'>praesidia</span> <span class='ocrx_word' id='word_1_100' title='bbox 389 1014 628 1067; x_wconf 88' lang='lat' dir='ltr'>Heinrici</span> <span class='ocrx_word' id='word_1_101' title='bbox 673 1014 740 1066; x_wconf 89' lang='lat' dir='ltr'>ab</span> <span class='ocrx_word' id='word_1_102' title='bbox 790 1014 1034 1067; x_wconf 88' lang='lat' dir='ltr'>omnibus</span> <span class='ocrx_word' id='word_1_103' title='bbox 1084 1017 1309 1069; x_wconf 78' lang='lat' dir='ltr'>castellis</span> <span class='ocrx_word' id='word_1_104' title='bbox 1359 1020 1555 1070; x_wconf 87' lang='lat' dir='ltr'>eiciunt</span> <span class='ocrx_word' id='word_1_105' title='bbox 1601 1031 1651 1072; x_wconf 87' lang='lat' dir='ltr'>et</span> <span class='ocrx_word' id='word_1_106' title='bbox 1707 1022 1802 1073; x_wconf 83' lang='lat' dir='ltr'>illis</span> <span class='ocrx_word' id='word_1_107' title='bbox 1862 1042 1921 1073; x_wconf 84' lang='lat' dir='ltr'>ea</span> 
     </span>
     <span class='ocr_line' id='line_1_14' title="bbox 74 1083 1920 1160; baseline 0.002 -23"><span class='ocrx_word' id='word_1_108' title='bbox 74 1103 298 1156; x_wconf 89' lang='lat' dir='ltr'>quorum</span> <span class='ocrx_word' id='word_1_109' title='bbox 340 1085 549 1136; x_wconf 88' lang='lat' dir='ltr'>fuerant</span> <span class='ocrx_word' id='word_1_110' title='bbox 597 1083 764 1135; x_wconf 91' lang='lat' dir='ltr'>libera</span> <span class='ocrx_word' id='word_1_111' title='bbox 818 1086 1123 1150; x_wconf 70' lang='lat' dir='ltr'>restituunt,</span> <span class='ocrx_word' id='word_1_112' title='bbox 1175 1091 1531 1155; x_wconf 86' lang='lat' dir='ltr'>possessiones</span> <span class='ocrx_word' id='word_1_113' title='bbox 1587 1090 1736 1153; x_wconf 78' lang='lat' dir='ltr'>alias,</span> <span class='ocrx_word' id='word_1_114' title='bbox 1794 1110 1920 1160; x_wconf 75' lang='lat' dir='ltr'>quas</span> 
     </span>
     <span class='ocr_line' id='line_1_15' title="bbox 73 1153 1921 1226; baseline 0.001 -18"><span class='ocrx_word' id='word_1_115' title='bbox 73 1164 329 1226; x_wconf 86' lang='lat' dir='ltr'>tyrannus</span> <span class='ocrx_word' id='word_1_116' title='bbox 365 1154 557 1206; x_wconf 88' lang='lat' dir='ltr'>iniuste</span> <span class='ocrx_word' id='word_1_117' title='bbox 595 1153 675 1204; x_wconf 91' lang='lat' dir='ltr'>his</span> <span class='ocrx_word' id='word_1_118' title='bbox 714 1172 941 1223; x_wconf 90' lang='lat' dir='ltr'>quorum</span> <span class='ocrx_word' id='word_1_119' title='bbox 978 1164 1126 1207; x_wconf 90' lang='lat' dir='ltr'>erant</span> <span class='ocrx_word' id='word_1_120' title='bbox 1163 1165 1390 1225; x_wconf 86' lang='lat' dir='ltr'>ereptas,</span> <span class='ocrx_word' id='word_1_121' title='bbox 1436 1158 1676 1210; x_wconf 79' lang='lat' dir='ltr'>iniustius</span> <span class='ocrx_word' id='word_1_122' title='bbox 1720 1159 1818 1212; x_wconf 85' lang='lat' dir='ltr'>illis</span> <span class='ocrx_word' id='word_1_123' title='bbox 1856 1161 1921 1211; x_wconf 79' lang='lat' dir='ltr'>ad</span> 
     </span>
     <span class='ocr_line' id='line_1_16' title="bbox 76 1223 1921 1295; baseline 0.002 -19"><span class='ocrx_word' id='word_1_124' title='bbox 76 1243 208 1295; x_wconf 89' lang='lat' dir='ltr'>quos</span> <span class='ocrx_word' id='word_1_125' title='bbox 256 1224 399 1277; x_wconf 91' lang='lat' dir='ltr'>nullo</span> <span class='ocrx_word' id='word_1_126' title='bbox 448 1224 562 1275; x_wconf 92' lang='lat' dir='ltr'>iure</span> <span class='ocrx_word' id='word_1_127' title='bbox 603 1223 937 1292; x_wconf 87' lang='lat' dir='ltr'>pertinebant</span> <span class='ocrx_word' id='word_1_128' title='bbox 974 1224 1285 1292; x_wconf 85' lang='lat' dir='ltr'>donaverat,</span> <span class='ocrx_word' id='word_1_129' title='bbox 1331 1227 1597 1293; x_wconf 88' lang='lat' dir='ltr'>auferunt,</span> <span class='ocrx_word' id='word_1_130' title='bbox 1647 1240 1697 1281; x_wconf 87' lang='lat' dir='ltr'>et</span> <span class='ocrx_word' id='word_1_131' title='bbox 1734 1247 1819 1280; x_wconf 88' lang='lat' dir='ltr'>eas</span> <span class='ocrx_word' id='word_1_132' title='bbox 1855 1230 1921 1279; x_wconf 86' lang='lat' dir='ltr'>ad</span> 
     </span>
     <span class='ocr_line' id='line_1_17' title="bbox 73 1293 1921 1365; baseline 0.002 -19"><span class='ocrx_word' id='word_1_133' title='bbox 73 1295 239 1346; x_wconf 88' lang='lat' dir='ltr'>iustos</span> <span class='ocrx_word' id='word_1_134' title='bbox 287 1311 619 1365; x_wconf 88' lang='lat' dir='ltr'>possessores</span> <span class='ocrx_word' id='word_1_135' title='bbox 665 1293 837 1346; x_wconf 90' lang='lat' dir='ltr'>redire</span> <span class='ocrx_word' id='word_1_136' title='bbox 887 1294 1099 1346; x_wconf 71' lang='lat' dir='ltr'>faciunt⁴²</span> <span class='ocrx_word' id='word_1_137' title='bbox 1188 1296 1286 1346; x_wconf 90' lang='lat' dir='ltr'>His</span> <span class='ocrx_word' id='word_1_138' title='bbox 1338 1296 1577 1348; x_wconf 86' lang='lat' dir='ltr'>omnibus</span> <span class='ocrx_word' id='word_1_139' title='bbox 1627 1299 1680 1348; x_wconf 91' lang='lat' dir='ltr'>in</span> <span class='ocrx_word' id='word_1_140' title='bbox 1732 1297 1921 1349; x_wconf 79' lang='lat' dir='ltr'>finibus</span> 
     </span>
     <span class='ocr_line' id='line_1_18' title="bbox 72 1363 1922 1433; baseline 0.001 -17"><span class='ocrx_word' id='word_1_141' title='bbox 72 1365 266 1416; x_wconf 88' lang='lat' dir='ltr'>nostris</span> <span class='ocrx_word' id='word_1_142' title='bbox 312 1365 411 1417; x_wconf 90' lang='lat' dir='ltr'>rite</span> <span class='ocrx_word' id='word_1_143' title='bbox 448 1364 708 1433; x_wconf 80' lang='lat' dir='ltr'>peractiS,</span> <span class='ocrx_word' id='word_1_144' title='bbox 757 1363 897 1415; x_wconf 89' lang='lat' dir='ltr'>diem</span> <span class='ocrx_word' id='word_1_145' title='bbox 937 1372 988 1415; x_wconf 90' lang='lat' dir='ltr'>et</span> <span class='ocrx_word' id='word_1_146' title='bbox 1033 1363 1210 1416; x_wconf 91' lang='lat' dir='ltr'>locum</span> <span class='ocrx_word' id='word_1_147' title='bbox 1248 1365 1622 1433; x_wconf 79' lang='lat' dir='ltr'>determinant,</span> <span class='ocrx_word' id='word_1_148' title='bbox 1680 1368 1769 1420; x_wconf 90' lang='lat' dir='ltr'>ubi</span> <span class='ocrx_word' id='word_1_149' title='bbox 1807 1386 1922 1419; x_wconf 93' lang='lat' dir='ltr'>con-</span> 
     </span>
     <span class='ocr_line' id='line_1_19' title="bbox 74 1433 1924 1503; baseline 0.002 -18"><span class='ocrx_word' id='word_1_150' title='bbox 74 1434 308 1487; x_wconf 84' lang='lat' dir='ltr'>cordiam</span> <span class='ocrx_word' id='word_1_151' title='bbox 360 1435 428 1486; x_wconf 89' lang='lat' dir='ltr'>ad</span> <span class='ocrx_word' id='word_1_152' title='bbox 474 1433 836 1485; x_wconf 88' lang='lat' dir='ltr'>defensionem</span> <span class='ocrx_word' id='word_1_153' title='bbox 885 1434 1087 1503; x_wconf 88' lang='lat' dir='ltr'>patriae</span> <span class='ocrx_word' id='word_1_154' title='bbox 1134 1437 1436 1486; x_wconf 84' lang='lat' dir='ltr'>renovaturi</span> <span class='ocrx_word' id='word_1_155' title='bbox 1488 1439 1815 1501; x_wconf 87' lang='lat' dir='ltr'>conveniant,</span> <span class='ocrx_word' id='word_1_156' title='bbox 1874 1448 1924 1488; x_wconf 83' lang='lat' dir='ltr'>et</span> 
     </span>
     <span class='ocr_line' id='line_1_20' title="bbox 73 1501 1920 1574; baseline -0.001 -17"><span class='ocrx_word' id='word_1_157' title='bbox 73 1522 163 1557; x_wconf 88' lang='lat' dir='ltr'>eos</span> <span class='ocrx_word' id='word_1_158' title='bbox 199 1505 255 1554; x_wconf 90' lang='lat' dir='ltr'>in</span> <span class='ocrx_word' id='word_1_159' title='bbox 281 1505 474 1574; x_wconf 90' lang='lat' dir='ltr'>quibus</span> <span class='ocrx_word' id='word_1_160' title='bbox 512 1501 836 1555; x_wconf 88' lang='lat' dir='ltr'>infidelitatis</span> <span class='ocrx_word' id='word_1_161' title='bbox 864 1504 1097 1573; x_wconf 87' lang='lat' dir='ltr'>suspicio</span> <span class='ocrx_word' id='word_1_162' title='bbox 1123 1504 1389 1567; x_wconf 85' lang='lat' dir='ltr'>resideret,</span> <span class='ocrx_word' id='word_1_163' title='bbox 1429 1514 1518 1556; x_wconf 90' lang='lat' dir='ltr'>aut</span> <span class='ocrx_word' id='word_1_164' title='bbox 1543 1525 1572 1557; x_wconf 91' lang='lat' dir='ltr'>a</span> <span class='ocrx_word' id='word_1_165' title='bbox 1598 1507 1788 1558; x_wconf 87' lang='lat' dir='ltr'>finibus</span> <span class='ocrx_word' id='word_1_166' title='bbox 1815 1508 1920 1557; x_wconf 84' lang='lat' dir='ltr'>suis</span> 
     </span>
     <span class='ocr_line' id='line_1_21' title="bbox 73 1572 1520 1643; baseline 0 -17"><span class='ocrx_word' id='word_1_167' title='bbox 73 1575 220 1626; x_wconf 83' lang='lat' dir='ltr'>exire</span> <span class='ocrx_word' id='word_1_168' title='bbox 257 1582 348 1625; x_wconf 87' lang='lat' dir='ltr'>aut</span> <span class='ocrx_word' id='word_1_169' title='bbox 385 1592 565 1626; x_wconf 88' lang='lat' dir='ltr'>secum</span> <span class='ocrx_word' id='word_1_170' title='bbox 603 1572 830 1625; x_wconf 88' lang='lat' dir='ltr'>fideliter</span> <span class='ocrx_word' id='word_1_171' title='bbox 868 1575 1150 1625; x_wconf 88' lang='lat' dir='ltr'>convenire</span> <span class='ocrx_word' id='word_1_172' title='bbox 1189 1573 1520 1643; x_wconf 89' lang='lat' dir='ltr'>compellant.</span> 
     </span>
    </p>

    <p class='ocr_par' dir='ltr' id='par_1_3' title="bbox 69 1643 2020 2624">
     <span class='ocr_line' id='line_1_22' title="bbox 213 1643 2020 1711; baseline -0.001 -15"><span class='ocrx_word' id='word_1_173' title='bbox 213 1645 295 1696; x_wconf 74' lang='lat'>85.</span> <span class='ocrx_word' id='word_1_174' title='bbox 369 1643 521 1695; x_wconf 85' lang='lat' dir='ltr'>Haec</span> <span class='ocrx_word' id='word_1_175' title='bbox 578 1643 755 1694; x_wconf 91' lang='lat' dir='ltr'>omnia</span> <span class='ocrx_word' id='word_1_176' title='bbox 817 1643 943 1695; x_wconf 89' lang='lat' dir='ltr'>dum</span> <span class='ocrx_word' id='word_1_177' title='bbox 999 1643 1281 1696; x_wconf 88' lang='lat' dir='ltr'>Heinricus</span> <span class='ocrx_word' id='word_1_178' title='bbox 1337 1644 1591 1711; x_wconf 81' lang='lat' dir='ltr'>audisset,</span> <span class='ocrx_word' id='word_1_179' title='bbox 1656 1646 1809 1696; x_wconf 86' lang='lat' dir='ltr'>nimis</span> <span class='ocrx_word' id='word_1_180' title='bbox 1868 1646 1919 1695; x_wconf 90' lang='lat' dir='ltr'>in</span> <span class='ocrx_word' id='word_1_181' title='bbox 1942 1657 2020 1690; x_wconf 74' lang='lat' dir='ltr'>lun.</span> 
     </span>
     <span class='ocr_line' id='line_1_23' title="bbox 71 1708 1996 1784; baseline 0.001 -19"><span class='ocrx_word' id='word_1_182' title='bbox 71 1715 248 1766; x_wconf 86' lang='lat' dir='ltr'>animo</span> <span class='ocrx_word' id='word_1_183' title='bbox 303 1713 670 1778; x_wconf 87' lang='lat' dir='ltr'>conturbatur,</span> <span class='ocrx_word' id='word_1_184' title='bbox 728 1720 780 1764; x_wconf 87' lang='lat' dir='ltr'>et</span> <span class='ocrx_word' id='word_1_185' title='bbox 828 1713 1191 1783; x_wconf 79' lang='lat' dir='ltr'>Mogontiama</span> <span class='ocrx_word' id='word_1_186' title='bbox 1246 1715 1487 1780; x_wconf 82' lang='lat' dir='ltr'>veniens,</span> <span class='ocrx_word' id='word_1_187' title='bbox 1545 1715 1799 1784; x_wconf 86' lang='lat' dir='ltr'>quosdam</span> <span class='ocrx_word' id='word_1_188' title='bbox 1857 1708 1996 1766; x_wconf 45' lang='lat' dir='ltr'>deff*</span> 
     </span>
     <span class='ocr_line' id='line_1_24' title="bbox 69 1782 1921 1853; baseline 0.001 -19"><span class='ocrx_word' id='word_1_189' title='bbox 69 1784 296 1837; x_wconf 87' lang='lat' dir='ltr'>residuis</span> <span class='ocrx_word' id='word_1_190' title='bbox 342 1783 516 1836; x_wconf 87' lang='lat' dir='ltr'>adhuc</span> <span class='ocrx_word' id='word_1_191' title='bbox 565 1784 792 1851; x_wconf 86' lang='lat' dir='ltr'>captivis</span> <span class='ocrx_word' id='word_1_192' title='bbox 829 1783 897 1835; x_wconf 90' lang='lat' dir='ltr'>ad</span> <span class='ocrx_word' id='word_1_193' title='bbox 934 1802 989 1836; x_wconf 89' lang='lat' dir='ltr'>se</span> <span class='ocrx_word' id='word_1_194' title='bbox 1027 1782 1151 1835; x_wconf 87' lang='lat' dir='ltr'>duci</span> <span class='ocrx_word' id='word_1_195' title='bbox 1187 1785 1458 1853; x_wconf 90' lang='lat' dir='ltr'>praecepit</span> <span class='ocrx_word' id='word_1_196' title='bbox 1503 1793 1554 1836; x_wconf 90' lang='lat' dir='ltr'>et</span> <span class='ocrx_word' id='word_1_197' title='bbox 1589 1803 1708 1835; x_wconf 89' lang='lat' dir='ltr'>cum</span> <span class='ocrx_word' id='word_1_198' title='bbox 1746 1786 1820 1835; x_wconf 88' lang='lat' dir='ltr'>eis</span> <span class='ocrx_word' id='word_1_199' title='bbox 1858 1784 1921 1836; x_wconf 89' lang='lat' dir='ltr'>de</span> 
     </span>
     <span class='ocr_line' id='line_1_25' title="bbox 71 1852 1922 1924; baseline 0 -20"><span class='ocrx_word' id='word_1_200' title='bbox 71 1855 267 1924; x_wconf 86' lang='lat' dir='ltr'>pretio,</span> <span class='ocrx_word' id='word_1_201' title='bbox 323 1872 426 1923; x_wconf 94' lang='lat' dir='ltr'>quo</span> <span class='ocrx_word' id='word_1_202' title='bbox 472 1872 527 1906; x_wconf 91' lang='lat' dir='ltr'>se</span> <span class='ocrx_word' id='word_1_203' title='bbox 575 1854 892 1906; x_wconf 87' lang='lat' dir='ltr'>redimerent</span> <span class='ocrx_word' id='word_1_204' title='bbox 941 1862 999 1905; x_wconf 91' lang='lat' dir='ltr'>ut</span> <span class='ocrx_word' id='word_1_205' title='bbox 1044 1852 1454 1919; x_wconf 79' lang='lat' dir='ltr'>dimitterentur,</span> <span class='ocrx_word' id='word_1_206' title='bbox 1511 1855 1634 1922; x_wconf 88' lang='lat' dir='ltr'>egit.</span> <span class='ocrx_word' id='word_1_207' title='bbox 1716 1854 1922 1904; x_wconf 85' lang='lat' dir='ltr'>Interea</span> 
     </span>
     <span class='ocr_line' id='line_1_26' title="bbox 72 1922 1917 1993; baseline -0.001 -19"><span class='ocrx_word' id='word_1_208' title='bbox 72 1931 185 1975; x_wconf 89' lang='lat' dir='ltr'>orta</span> <span class='ocrx_word' id='word_1_209' title='bbox 231 1923 487 1976; x_wconf 89' lang='lat' dir='ltr'>seditione</span> <span class='ocrx_word' id='word_1_210' title='bbox 535 1924 672 1976; x_wconf 87' lang='lat' dir='ltr'>inter</span> <span class='ocrx_word' id='word_1_211' title='bbox 706 1923 1045 1993; x_wconf 88' lang='lat' dir='ltr'>Mogontinos</span> <span class='ocrx_word' id='word_1_212' title='bbox 1096 1931 1147 1976; x_wconf 91' lang='lat' dir='ltr'>et</span> <span class='ocrx_word' id='word_1_213' title='bbox 1191 1922 1660 1993; x_wconf 89' lang='lat' dir='ltr'>Babenbergenses</span> <span class='ocrx_word' id='word_1_214' title='bbox 1716 1922 1917 1987; x_wconf 89' lang='lat' dir='ltr'>milites,</span> 
     </span>
     <span class='ocr_line' id='line_1_27' title="bbox 72 1992 1920 2062; baseline -0.002 -17"><span class='ocrx_word' id='word_1_215' title='bbox 72 1994 261 2045; x_wconf 86' lang='lat' dir='ltr'>civitas</span> <span class='ocrx_word' id='word_1_216' title='bbox 288 2012 319 2045; x_wconf 87' lang='lat' dir='ltr'>a</span> <span class='ocrx_word' id='word_1_217' title='bbox 343 1993 883 2062; x_wconf 86' lang='lat' dir='ltr'>Babenbergensibus</span> <span class='ocrx_word' id='word_1_218' title='bbox 909 1993 1222 2060; x_wconf 83' lang='lat' dir='ltr'>incenditur,</span> <span class='ocrx_word' id='word_1_219' title='bbox 1259 1994 1334 2045; x_wconf 88' lang='lat' dir='ltr'>ita</span> <span class='ocrx_word' id='word_1_220' title='bbox 1358 2002 1416 2044; x_wconf 90' lang='lat' dir='ltr'>ut</span> <span class='ocrx_word' id='word_1_221' title='bbox 1441 2002 1549 2045; x_wconf 86' lang='lat' dir='ltr'>tota</span> <span class='ocrx_word' id='word_1_222' title='bbox 1574 1992 1656 2044; x_wconf 85' lang='lat' dir='ltr'>vel</span> <span class='ocrx_word' id='word_1_223' title='bbox 1688 1993 1920 2043; x_wconf 86' lang='lat' dir='ltr'>maxima</span> 
     </span>
     <span class='ocr_line' id='line_1_28' title="bbox 71 2061 1918 2133; baseline -0.002 -18"><span class='ocrx_word' id='word_1_224' title='bbox 71 2082 195 2132; x_wconf 89' lang='lat' dir='ltr'>pars</span> <span class='ocrx_word' id='word_1_225' title='bbox 245 2065 359 2115; x_wconf 88' lang='lat' dir='ltr'>eius</span> <span class='ocrx_word' id='word_1_226' title='bbox 407 2081 593 2115; x_wconf 89' lang='lat' dir='ltr'>arsura</span> <span class='ocrx_word' id='word_1_227' title='bbox 638 2063 921 2116; x_wconf 88' lang='lat' dir='ltr'>videretur.</span> <span class='ocrx_word' id='word_1_228' title='bbox 997 2064 1082 2115; x_wconf 88' lang='lat' dir='ltr'>Ad</span> <span class='ocrx_word' id='word_1_229' title='bbox 1121 2081 1279 2133; x_wconf 91' lang='lat' dir='ltr'>quam</span> <span class='ocrx_word' id='word_1_230' title='bbox 1326 2062 1750 2131; x_wconf 86' lang='lat' dir='ltr'>restinguendam</span> <span class='ocrx_word' id='word_1_231' title='bbox 1794 2061 1918 2112; x_wconf 89' lang='lat' dir='ltr'>dum</span> 
     </span>
     <span class='ocr_line' id='line_1_29' title="bbox 71 2131 1919 2203; baseline -0.002 -19"><span class='ocrx_word' id='word_1_232' title='bbox 71 2133 353 2186; x_wconf 88' lang='lat' dir='ltr'>Heinricus</span> <span class='ocrx_word' id='word_1_233' title='bbox 401 2136 515 2203; x_wconf 90' lang='lat' dir='ltr'>ipse</span> <span class='ocrx_word' id='word_1_234' title='bbox 560 2134 836 2203; x_wconf 89' lang='lat' dir='ltr'>omnisque</span> <span class='ocrx_word' id='word_1_235' title='bbox 888 2131 1115 2203; x_wconf 89' lang='lat' dir='ltr'>populus</span> <span class='ocrx_word' id='word_1_236' title='bbox 1168 2133 1460 2199; x_wconf 86' lang='lat' dir='ltr'>festinaret,</span> <span class='ocrx_word' id='word_1_237' title='bbox 1515 2133 1708 2201; x_wconf 87' lang='lat' dir='ltr'>captivi</span> <span class='ocrx_word' id='word_1_238' title='bbox 1757 2132 1919 2182; x_wconf 87' lang='lat' dir='ltr'>nostri</span> 
     </span>
     <span class='ocr_line' id='line_1_30' title="bbox 71 2200 1918 2270; baseline -0.002 -16"><span class='ocrx_word' id='word_1_239' title='bbox 71 2204 183 2256; x_wconf 89' lang='lat' dir='ltr'>sine</span> <span class='ocrx_word' id='word_1_240' title='bbox 222 2203 438 2256; x_wconf 87' lang='lat' dir='ltr'>custode</span> <span class='ocrx_word' id='word_1_241' title='bbox 475 2202 661 2270; x_wconf 90' lang='lat' dir='ltr'>relicti,</span> <span class='ocrx_word' id='word_1_242' title='bbox 699 2204 914 2256; x_wconf 88' lang='lat' dir='ltr'>inventa</span> <span class='ocrx_word' id='word_1_243' title='bbox 949 2204 1075 2254; x_wconf 87' lang='lat' dir='ltr'>navi</span> <span class='ocrx_word' id='word_1_244' title='bbox 1100 2201 1342 2254; x_wconf 85' lang='lat' dir='ltr'>Rhenum</span> <span class='ocrx_word' id='word_1_245' title='bbox 1379 2203 1710 2267; x_wconf 76' lang='lat' dir='ltr'>transierunt,</span> <span class='ocrx_word' id='word_1_246' title='bbox 1751 2209 1800 2252; x_wconf 91' lang='lat' dir='ltr'>et</span> <span class='ocrx_word' id='word_1_247' title='bbox 1836 2200 1918 2251; x_wconf 91' lang='lat' dir='ltr'>die</span> 
     </span>
     <span class='ocr_line' id='line_1_31' title="bbox 71 2271 1919 2344; baseline -0.002 -20"><span class='ocrx_word' id='word_1_248' title='bbox 71 2283 335 2344; x_wconf 90' lang='lat' dir='ltr'>noctuque</span> <span class='ocrx_word' id='word_1_249' title='bbox 384 2273 715 2339; x_wconf 89' lang='lat' dir='ltr'>festinantes,</span> <span class='ocrx_word' id='word_1_250' title='bbox 764 2274 819 2324; x_wconf 92' lang='lat' dir='ltr'>in</span> <span class='ocrx_word' id='word_1_251' title='bbox 865 2274 1088 2344; x_wconf 88' lang='lat' dir='ltr'>patriam</span> <span class='ocrx_word' id='word_1_252' title='bbox 1145 2290 1293 2324; x_wconf 90' lang='lat' dir='ltr'>suam</span> <span class='ocrx_word' id='word_1_253' title='bbox 1340 2280 1706 2341; x_wconf 87' lang='lat' dir='ltr'>pervenerunt.</span> <span class='ocrx_word' id='word_1_254' title='bbox 1778 2271 1919 2321; x_wconf 89' lang='lat' dir='ltr'>Inter</span> 
     </span>
     <span class='ocr_line' id='line_1_32' title="bbox 71 2339 1917 2413; baseline -0.003 -19"><span class='ocrx_word' id='word_1_255' title='bbox 71 2361 204 2413; x_wconf 88' lang='lat' dir='ltr'>quos</span> <span class='ocrx_word' id='word_1_256' title='bbox 250 2352 362 2396; x_wconf 90' lang='lat' dir='ltr'>erat</span> <span class='ocrx_word' id='word_1_257' title='bbox 399 2344 557 2396; x_wconf 87' lang='lat' dir='ltr'>etiam</span> <span class='ocrx_word' id='word_1_258' title='bbox 597 2342 896 2409; x_wconf 77' lang='lat' dir='ltr'>Gerdrudb,</span> <span class='ocrx_word' id='word_1_259' title='bbox 943 2341 1258 2394; x_wconf 88' lang='lat' dir='ltr'>nobilissimi</span> <span class='ocrx_word' id='word_1_260' title='bbox 1298 2342 1506 2394; x_wconf 89' lang='lat' dir='ltr'>Ottonis</span> <span class='ocrx_word' id='word_1_261' title='bbox 1553 2341 1700 2392; x_wconf 85' lang='lat' dir='ltr'>ducis</span> <span class='ocrx_word' id='word_1_262' title='bbox 1748 2339 1917 2390; x_wconf 86' lang='lat' dir='ltr'>fratris</span> 
     </span>
     <span class='ocr_line' id='line_1_33' title="bbox 70 2411 1918 2483; baseline -0.004 -17"><span class='ocrx_word' id='word_1_263' title='bbox 70 2413 380 2466; x_wconf 91' lang='lat' dir='ltr'>Herimanni</span> <span class='ocrx_word' id='word_1_264' title='bbox 406 2413 586 2480; x_wconf 87' lang='lat' dir='ltr'>vidua,</span> <span class='ocrx_word' id='word_1_265' title='bbox 614 2431 773 2483; x_wconf 91' lang='lat' dir='ltr'>quam</span> <span class='ocrx_word' id='word_1_266' title='bbox 799 2413 1089 2481; x_wconf 80' lang='lat' dir='ltr'>Lodowig⁰</span> <span class='ocrx_word' id='word_1_267' title='bbox 1122 2419 1241 2464; x_wconf 91' lang='lat' dir='ltr'>ante</span> <span class='ocrx_word' id='word_1_268' title='bbox 1267 2411 1536 2463; x_wconf 88' lang='lat' dir='ltr'>biennium</span> <span class='ocrx_word' id='word_1_269' title='bbox 1561 2411 1667 2461; x_wconf 88' lang='lat' dir='ltr'>fere</span> <span class='ocrx_word' id='word_1_270' title='bbox 1694 2418 1918 2477; x_wconf 88' lang='lat' dir='ltr'>ceperat,</span> 
     </span>
     <span class='ocr_line' id='line_1_34' title="bbox 71 2482 1916 2552; baseline -0.005 -15"><span class='ocrx_word' id='word_1_271' title='bbox 71 2491 123 2537; x_wconf 89' lang='lat' dir='ltr'>et</span> <span class='ocrx_word' id='word_1_272' title='bbox 172 2483 387 2536; x_wconf 92' lang='lat' dir='ltr'>domino</span> <span class='ocrx_word' id='word_1_273' title='bbox 437 2502 533 2535; x_wconf 89' lang='lat' dir='ltr'>suo</span> <span class='ocrx_word' id='word_1_274' title='bbox 583 2484 860 2551; x_wconf 77' lang='lat' dir='ltr'>HeinriCO,</span> <span class='ocrx_word' id='word_1_275' title='bbox 910 2491 969 2535; x_wconf 94' lang='lat' dir='ltr'>ut</span> <span class='ocrx_word' id='word_1_276' title='bbox 1014 2482 1081 2535; x_wconf 91' lang='lat' dir='ltr'>ab</span> <span class='ocrx_word' id='word_1_277' title='bbox 1131 2501 1192 2534; x_wconf 91' lang='lat' dir='ltr'>ea</span> <span class='ocrx_word' id='word_1_278' title='bbox 1243 2482 1519 2552; x_wconf 88' lang='lat' dir='ltr'>pecuniam</span> <span class='ocrx_word' id='word_1_279' title='bbox 1570 2487 1916 2548; x_wconf 88' lang='lat' dir='ltr'>extorqueret,</span> 
     </span>
     <span class='ocr_line' id='line_1_35' title="bbox 71 2553 830 2624; baseline -0.001 -18"><span class='ocrx_word' id='word_1_280' title='bbox 71 2553 214 2624; x_wconf 90' lang='lat' dir='ltr'>quod</span> <span class='ocrx_word' id='word_1_281' title='bbox 252 2561 304 2606; x_wconf 91' lang='lat' dir='ltr'>et</span> <span class='ocrx_word' id='word_1_282' title='bbox 338 2554 478 2620; x_wconf 90' lang='lat' dir='ltr'>fecit,</span> <span class='ocrx_word' id='word_1_283' title='bbox 515 2553 830 2605; x_wconf 82' lang='lat' dir='ltr'>adduxerat.</span> 
     </span>
    </p>

    <p class='ocr_par' dir='ltr' id='par_1_4' title="bbox 69 2618 1916 3326">
     <span class='ocr_line' id='line_1_36' title="bbox 210 2618 1916 2692; baseline -0.006 -16"><span class='ocrx_word' id='word_1_284' title='bbox 210 2625 293 2677; x_wconf 83' lang='lat'>86.</span> <span class='ocrx_word' id='word_1_285' title='bbox 356 2624 642 2676; x_wconf 88' lang='lat' dir='ltr'>Heinricus</span> <span class='ocrx_word' id='word_1_286' title='bbox 681 2642 806 2692; x_wconf 90' lang='lat' dir='ltr'>ergo</span> <span class='ocrx_word' id='word_1_287' title='bbox 843 2642 1011 2676; x_wconf 78' lang='lat' dir='ltr'>exrex</span> <span class='ocrx_word' id='word_1_288' title='bbox 1047 2622 1231 2673; x_wconf 89' lang='lat' dir='ltr'>videns</span> <span class='ocrx_word' id='word_1_289' title='bbox 1269 2639 1394 2672; x_wconf 85' lang='lat' dir='ltr'>suae</span> <span class='ocrx_word' id='word_1_290' title='bbox 1419 2618 1674 2670; x_wconf 78' lang='lat' dir='ltr'>voluntati</span> <span class='ocrx_word' id='word_1_291' title='bbox 1703 2623 1916 2668; x_wconf 87' lang='lat' dir='ltr'>cunctas</span> 
     </span>
     <span class='ocr_line' id='line_1_37' title="bbox 69 2689 1915 2763; baseline -0.007 -16"><span class='ocrx_word' id='word_1_292' title='bbox 69 2714 153 2748; x_wconf 90' lang='lat' dir='ltr'>res</span> <span class='ocrx_word' id='word_1_293' title='bbox 190 2695 479 2761; x_wconf 89' lang='lat' dir='ltr'>adversari,</span> <span class='ocrx_word' id='word_1_294' title='bbox 518 2712 640 2745; x_wconf 89' lang='lat' dir='ltr'>cum</span> <span class='ocrx_word' id='word_1_295' title='bbox 676 2692 990 2763; x_wconf 83' lang='lat' dir='ltr'>intelligeret</span> <span class='ocrx_word' id='word_1_296' title='bbox 1027 2711 1081 2744; x_wconf 87' lang='lat' dir='ltr'>se</span> <span class='ocrx_word' id='word_1_297' title='bbox 1108 2691 1173 2742; x_wconf 92' lang='lat' dir='ltr'>de</span> <span class='ocrx_word' id='word_1_298' title='bbox 1210 2690 1391 2759; x_wconf 89' lang='lat' dir='ltr'>lupina</span> <span class='ocrx_word' id='word_1_299' title='bbox 1426 2689 1692 2740; x_wconf 85' lang='lat' dir='ltr'>ferocitate</span> <span class='ocrx_word' id='word_1_300' title='bbox 1730 2704 1915 2756; x_wconf 89' lang='lat' dir='ltr'>parum</span> 
     </span>
     <span class='ocr_line' id='line_1_38' title="bbox 70 2756 1916 2836; baseline -0.007 -18"><span class='ocrx_word' id='word_1_301' title='bbox 70 2765 348 2836; x_wconf 88' lang='lat' dir='ltr'>proficere,</span> <span class='ocrx_word' id='word_1_302' title='bbox 405 2763 711 2835; x_wconf 78' lang='lat' dir='ltr'>pelliciamd</span> <span class='ocrx_word' id='word_1_303' title='bbox 766 2781 907 2814; x_wconf 89' lang='lat' dir='ltr'>nunc</span> <span class='ocrx_word' id='word_1_304' title='bbox 965 2762 1211 2814; x_wconf 77' lang='lat' dir='ltr'>oviname</span> <span class='ocrx_word' id='word_1_305' title='bbox 1267 2759 1521 2828; x_wconf 89' lang='lat' dir='ltr'>cogitavit</span> <span class='ocrx_word' id='word_1_306' title='bbox 1569 2756 1807 2819; x_wconf 88' lang='lat' dir='ltr'>induere,</span> <span class='ocrx_word' id='word_1_307' title='bbox 1862 2765 1916 2805; x_wconf 90' lang='lat' dir='ltr'>ut</span> 
     </span>
     <span class='ocr_line' id='line_1_39' title="bbox 72 2824 1915 2904; baseline -0.008 -17"><span class='ocrx_word' id='word_1_308' title='bbox 72 2837 368 2888; x_wconf 90' lang='lat' dir='ltr'>ostensione</span> <span class='ocrx_word' id='word_1_309' title='bbox 422 2834 633 2904; x_wconf 88' lang='lat' dir='ltr'>pietatis</span> <span class='ocrx_word' id='word_1_310' title='bbox 693 2842 744 2885; x_wconf 94' lang='lat' dir='ltr'>et</span> <span class='ocrx_word' id='word_1_311' title='bbox 799 2833 1028 2884; x_wconf 88' lang='lat' dir='ltr'>iustitiae</span> <span class='ocrx_word' id='word_1_312' title='bbox 1082 2830 1376 2898; x_wconf 90' lang='lat' dir='ltr'>deciperet,</span> <span class='ocrx_word' id='word_1_313' title='bbox 1431 2846 1561 2897; x_wconf 87' lang='lat' dir='ltr'>quos</span> <span class='ocrx_word' id='word_1_314' title='bbox 1613 2824 1915 2878; x_wconf 88' lang='lat' dir='ltr'>crudelitate</span> 
     </span>
     <span class='ocr_line' id='line_1_40' title="bbox 69 2892 1915 2974; baseline -0.008 -17"><span class='ocrx_word' id='word_1_315' title='bbox 69 2905 302 2957; x_wconf 86' lang='lat' dir='ltr'>violenta</span> <span class='ocrx_word' id='word_1_316' title='bbox 347 2922 599 2974; x_wconf 87' lang='lat' dir='ltr'>superare</span> <span class='ocrx_word' id='word_1_317' title='bbox 643 2922 749 2955; x_wconf 90' lang='lat' dir='ltr'>non</span> <span class='ocrx_word' id='word_1_318' title='bbox 800 2909 993 2972; x_wconf 89' lang='lat' dir='ltr'>posset.</span> <span class='ocrx_word' id='word_1_319' title='bbox 1067 2899 1294 2952; x_wconf 89' lang='lat' dir='ltr'>Volebat</span> <span class='ocrx_word' id='word_1_320' title='bbox 1339 2916 1563 2966; x_wconf 88' lang='lat' dir='ltr'>namque</span> <span class='ocrx_word' id='word_1_321' title='bbox 1612 2892 1915 2971; x_wconf 31' lang='lat' dir='ltr'>legatos-ad</span> 
     </span>
     <span class='ocr_line' id='line_1_41' title="bbox 71 2968 1914 3042; baseline -0.011 -12"><span class='ocrx_word' id='word_1_322' title='bbox 71 2976 363 3030; x_wconf 80' lang='lat' dir='ltr'>Saxoniam</span> <span class='ocrx_word' id='word_1_323' title='bbox 417 2976 649 3041; x_wconf 88' lang='lat' dir='ltr'>mittere,</span> <span class='ocrx_word' id='word_1_324' title='bbox 716 2976 808 3042; x_wconf 89' lang='lat' dir='ltr'>qui</span> <span class='ocrx_word' id='word_1_325' title='bbox 865 2972 1122 3036; x_wconf 87' lang='lat' dir='ltr'>dicerent,</span> <span class='ocrx_word' id='word_1_326' title='bbox 1192 2988 1247 3021; x_wconf 90' lang='lat' dir='ltr'>se</span> <span class='ocrx_word' id='word_1_327' title='bbox 1304 2970 1375 3020; x_wconf 92' lang='lat' dir='ltr'>eis</span> <span class='ocrx_word' id='word_1_328' title='bbox 1430 2968 1546 3036; x_wconf 90' lang='lat' dir='ltr'>plus</span> <span class='ocrx_word' id='word_1_329' title='bbox 1603 2983 1759 3034; x_wconf 91' lang='lat' dir='ltr'>quam</span> <span class='ocrx_word' id='word_1_330' title='bbox 1815 2981 1914 3042; x_wconf 76' lang='lat' dir='ltr'>ipsi</span> 
     </span>
     <span class='ocr_line' id='line_1_42' title="bbox 70 3034 1915 3117; baseline -0.009 -19"><span class='ocrx_word' id='word_1_331' title='bbox 70 3054 326 3117; x_wconf 87' lang='lat' dir='ltr'>cuperent</span> <span class='ocrx_word' id='word_1_332' title='bbox 360 3045 560 3098; x_wconf 91' lang='lat' dir='ltr'>bonum</span> <span class='ocrx_word' id='word_1_333' title='bbox 598 3062 712 3095; x_wconf 89' lang='lat' dir='ltr'>esse</span> <span class='ocrx_word' id='word_1_334' title='bbox 748 3041 900 3107; x_wconf 86' lang='lat' dir='ltr'>velle,</span> <span class='ocrx_word' id='word_1_335' title='bbox 938 3060 992 3093; x_wconf 91' lang='lat' dir='ltr'>se</span> <span class='ocrx_word' id='word_1_336' title='bbox 1031 3041 1238 3110; x_wconf 88' lang='lat' dir='ltr'>penitus</span> <span class='ocrx_word' id='word_1_337' title='bbox 1276 3038 1582 3090; x_wconf 88' lang='lat' dir='ltr'>iniustitiam</span> <span class='ocrx_word' id='word_1_338' title='bbox 1621 3052 1740 3085; x_wconf 87' lang='lat' dir='ltr'>cum</span> <span class='ocrx_word' id='word_1_339' title='bbox 1776 3034 1915 3084; x_wconf 84' lang='lat' dir='ltr'>viti1s</span> 
     </span>
     <span class='ocr_line' id='line_1_43' title="bbox 71 3104 1913 3185; baseline -0.01 -17"><span class='ocrx_word' id='word_1_340' title='bbox 71 3116 331 3183; x_wconf 82' lang='lat' dir='ltr'>omnibus,</span> <span class='ocrx_word' id='word_1_341' title='bbox 371 3116 548 3185; x_wconf 86' lang='lat' dir='ltr'>quoad</span> <span class='ocrx_word' id='word_1_342' title='bbox 584 3120 782 3183; x_wconf 89' lang='lat' dir='ltr'>posset,</span> <span class='ocrx_word' id='word_1_343' title='bbox 820 3112 1044 3175; x_wconf 82' lang='lat' dir='ltr'>abicere,</span> <span class='ocrx_word' id='word_1_344' title='bbox 1083 3129 1137 3161; x_wconf 89' lang='lat' dir='ltr'>se</span> <span class='ocrx_word' id='word_1_345' title='bbox 1165 3110 1238 3161; x_wconf 92' lang='lat' dir='ltr'>eis</span> <span class='ocrx_word' id='word_1_346' title='bbox 1264 3109 1318 3158; x_wconf 92' lang='lat' dir='ltr'>in</span> <span class='ocrx_word' id='word_1_347' title='bbox 1345 3107 1587 3159; x_wconf 88' lang='lat' dir='ltr'>omnibus</span> <span class='ocrx_word' id='word_1_348' title='bbox 1625 3104 1913 3172; x_wconf 88' lang='lat' dir='ltr'>pariturum</span> 
     </span>
     <span class='ocr_line' id='line_1_44' title="bbox 71 3179 1914 3254; baseline -0.01 -15"><span class='ocrx_word' id='word_1_349' title='bbox 71 3185 289 3254; x_wconf 73' lang='lat' dir='ltr'>dedere,</span> <span class='ocrx_word' id='word_1_350' title='bbox 324 3186 417 3238; x_wconf 91' lang='lat' dir='ltr'>sed</span> <span class='ocrx_word' id='word_1_351' title='bbox 441 3184 659 3249; x_wconf 85' lang='lat' dir='ltr'>nullum,</span> <span class='ocrx_word' id='word_1_352' title='bbox 688 3183 780 3252; x_wconf 92' lang='lat' dir='ltr'>qui</span> <span class='ocrx_word' id='word_1_353' title='bbox 805 3182 942 3233; x_wconf 85' lang='lat' dir='ltr'>hane</span> <span class='ocrx_word' id='word_1_354' title='bbox 967 3180 1281 3249; x_wconf 84' lang='lat' dir='ltr'>legationem</span> <span class='ocrx_word' id='word_1_355' title='bbox 1307 3185 1516 3247; x_wconf 86' lang='lat' dir='ltr'>portare</span> <span class='ocrx_word' id='word_1_356' title='bbox 1543 3179 1914 3251; x_wconf 73' lang='lat' dir='ltr'>praesumeret,</span> 
     </span>
     <span class='ocr_line' id='line_1_45' title="bbox 69 3245 1913 3326; baseline -0.009 -20"><span class='ocrx_word' id='word_1_357' title='bbox 69 3256 292 3323; x_wconf 84' lang='lat' dir='ltr'>invenit3</span> <span class='ocrx_word' id='word_1_358' title='bbox 341 3257 465 3326; x_wconf 88' lang='lat' dir='ltr'>quia</span> <span class='ocrx_word' id='word_1_359' title='bbox 510 3255 574 3307; x_wconf 90' lang='lat' dir='ltr'>de</span> <span class='ocrx_word' id='word_1_360' title='bbox 621 3255 728 3305; x_wconf 91' lang='lat' dir='ltr'>suis</span> <span class='ocrx_word' id='word_1_361' title='bbox 767 3269 978 3321; x_wconf 91' lang='lat' dir='ltr'>quoque</span> <span class='ocrx_word' id='word_1_362' title='bbox 1015 3268 1136 3300; x_wconf 92' lang='lat' dir='ltr'>eum</span> <span class='ocrx_word' id='word_1_363' title='bbox 1178 3247 1377 3313; x_wconf 90' lang='lat' dir='ltr'>nullus,</span> <span class='ocrx_word' id='word_1_364' title='bbox 1424 3245 1565 3315; x_wconf 88' lang='lat' dir='ltr'>quod</span> <span class='ocrx_word' id='word_1_365' title='bbox 1603 3261 1690 3295; x_wconf 90' lang='lat' dir='ltr'>ore</span> <span class='ocrx_word' id='word_1_366' title='bbox 1728 3250 1913 3304; x_wconf 82' lang='lat' dir='ltr'>em1s1t,</span> 
     </span>
    </p>
   </div>
   <div class='ocr_carea' id='block_1_3' title="bbox 70 3350 1911 3450">
    <p class='ocr_par' dir='ltr' id='par_1_5' title="bbox 70 3350 1911 3450">
     <span class='ocr_line' id='line_1_46' title="bbox 72 3350 1911 3402; baseline -0.011 -7"><span class='ocrx_word' id='word_1_367' title='bbox 72 3359 110 3402; x_wconf 71' lang='lat' dir='ltr'>a)</span> <span class='ocrx_word' id='word_1_368' title='bbox 139 3362 401 3401; x_wconf 82' lang='lat' dir='ltr'>Mogontinam</span> <span class='ocrx_word' id='word_1_369' title='bbox 432 3363 463 3392; x_wconf 89' lang='lat'>1.</span> <span class='ocrx_word' id='word_1_370' title='bbox 564 3359 602 3401; x_wconf 85' lang='lat' dir='ltr'>b)</span> <span class='ocrx_word' id='word_1_371' title='bbox 633 3358 839 3391; x_wconf 82' lang='lat' dir='ltr'>Gerdrudis</span> <span class='ocrx_word' id='word_1_372' title='bbox 867 3356 1006 3387; x_wconf 79' lang='lat' dir='ltr'>mulier</span> <span class='ocrx_word' id='word_1_373' title='bbox 1032 3354 1272 3385; x_wconf 84' lang='lat' dir='ltr'>nobilissima</span> <span class='ocrx_word' id='word_1_374' title='bbox 1297 3352 1425 3389; x_wconf 81' lang='lat' dir='ltr'>Magni</span> <span class='ocrx_word' id='word_1_375' title='bbox 1461 3350 1564 3381; x_wconf 85' lang='lat' dir='ltr'>ducis</span> <span class='ocrx_word' id='word_1_376' title='bbox 1592 3355 1765 3385; x_wconf 80' lang='lat' dir='ltr'>noverca,</span> <span class='ocrx_word' id='word_1_377' title='bbox 1802 3353 1911 3384; x_wconf 80' lang='lat' dir='ltr'>quam</span> 
     </span>
     <span class='ocr_line' id='line_1_47' title="bbox 70 3389 1908 3450; baseline -0.01 -9"><span class='ocrx_word' id='word_1_378' title='bbox 70 3409 254 3450; x_wconf 81' lang='lat' dir='ltr'>Lodowig</span> <span class='ocrx_word' id='word_1_379' title='bbox 282 3412 317 3442; x_wconf 84' lang='lat'>2.</span> <span class='ocrx_word' id='word_1_380' title='bbox 421 3408 453 3450; x_wconf 91' lang='lat' dir='ltr'>c)</span> <span class='ocrx_word' id='word_1_381' title='bbox 479 3409 661 3447; x_wconf 76' lang='lat' dir='ltr'>Lodewig</span> <span class='ocrx_word' id='word_1_382' title='bbox 690 3408 722 3440; x_wconf 90' lang='grc'>1,</span> <span class='ocrx_word' id='word_1_383' title='bbox 824 3403 862 3445; x_wconf 90' lang='lat' dir='ltr'>d)</span> <span class='ocrx_word' id='word_1_384' title='bbox 890 3405 941 3435; x_wconf 80' lang='lat' dir='ltr'>ita</span> <span class='ocrx_word' id='word_1_385' title='bbox 978 3403 1171 3434; x_wconf 68' lang='lat' dir='ltr'>emendat-ic</span> <span class='ocrx_word' id='word_1_386' title='bbox 1197 3401 1373 3438; x_wconf 71' lang='lat' dir='ltr'>Pertzz&#39;us,·</span> <span class='ocrx_word' id='word_1_387' title='bbox 1400 3399 1581 3439; x_wconf 81' lang='lat' dir='ltr'>pellinam</span> <span class='ocrx_word' id='word_1_388' title='bbox 1612 3399 1651 3435; x_wconf 77' lang='lat'>13</span> <span class='ocrx_word' id='word_1_389' title='bbox 1688 3395 1825 3435; x_wconf 89' lang='lat' dir='ltr'>pellem</span> <span class='ocrx_word' id='word_1_390' title='bbox 1856 3389 1908 3423; x_wconf 78' lang='lat' dir='ltr'>lb.</span> 
     </span>
    </p>
   </div>
   <div class='ocr_carea' id='block_1_4' title="bbox 53 3447 1081 3500">
    <p class='ocr_par' dir='ltr' id='par_1_6' title="bbox 53 3447 1081 3500">
     <span class='ocr_line' id='line_1_48' title="bbox 53 3447 1081 3500; baseline -0.006 -9"><span class='ocrx_word' id='word_1_391' title='bbox 53 3453 110 3500; x_wconf 55' lang='grc' dir='ltr'>ἐξ)</span> <span class='ocrx_word' id='word_1_392' title='bbox 137 3459 187 3491; x_wconf 82' lang='lat' dir='ltr'>ita</span> <span class='ocrx_word' id='word_1_393' title='bbox 213 3460 342 3491; x_wconf 78' lang='lat' dir='ltr'>emend.</span> <span class='ocrx_word' id='word_1_394' title='bbox 371 3458 603 3498; x_wconf 73' lang='lat' dir='ltr'>Giesebrecht;</span> <span class='ocrx_word' id='word_1_395' title='bbox 633 3465 711 3489; x_wconf 88' lang='lat' dir='ltr'>non</span> <span class='ocrx_word' id='word_1_396' title='bbox 738 3455 934 3487; x_wconf 81' lang='lat' dir='ltr'>corvinam</span> <span class='ocrx_word' id='word_1_397' title='bbox 962 3454 994 3485; x_wconf 88' lang='grc'>1.</span> <span class='ocrx_word' id='word_1_398' title='bbox 1026 3447 1081 3485; x_wconf 77' lang='lat' dir='ltr'>lb.</span> 
     </span>
    </p>
   </div>
  </div>
 </body>
</html>
