2204 3765
557 92 755 131 BRUNO
787 93 867 132 DE
900 95 1095 136 BELLO
1130 97 1435 140 SAXONICO.
1860 111 1914 148 45

214 229 298 281 69.
362 227 735 297 Greyorius³.¹
777 231 1062 298 episcopus
1095 251 1275 284 servus
1302 254 1569 287 servornm
1598 239 1715 301 Dei,
1756 248 1916 294 omni·
1939 268 2041 300 1076.

74 299 172 350 bus
222 299 317 367 qui
368 316 420 348 se
469 299 701 365 cupiunt
747 303 1106 350 annumerari
1154 304 1293 353 inter
1343 323 1458 355 oves
1503 325 1637 372 quas
1681 310 1916 363 (ss'leristns

74 368 220 418 beato
258 367 413 418 Petro
452 367 726 430 commisit,
766 366 989 418 salutem
1027 377 1072 419 et
1110 371 1456 437 apostolicam
1495 374 1916 432 benedictionem.

73 435 352 500 Audistis,
393 435 635 503 fratres,
697 454 892 486 novam
947 444 992 486 et
1046 440 1358 490 inauditam
1409 449 1919 512 2>raesmnptio>2em,

0 503 1 511 ¹
76 506 310 556 audistis
350 506 768 555 scismaticorum
805 505 1113 556 sceleratam
1152 514 1197 558 et
1224 527 1410 559 nomen
1440 511 1663 562 Domini
1693 516 1746 564 in.
1774 516 1919 567 beato

0 586 1 644 ζ
72 575 226 625 Petro
277 573 759 641 blasphemantium
809 573 1184 641 garrulitatem
1233 585 1277 625 et
1317 580 1642 644 audaciane,·
1695 586 1920 634 audistis

73 643 388 711 superbiam
426 651 495 693 ad
522 643 782 693 iniuriam
810 650 856 693 et
882 644 1253 696 contumeliam
1283 656 1500 698 sanctae
1528 657 1573 697 et
1602 653 1921 717 apostolicae

72 713 215 763 sedis
236 712 447 777 elatam,
479 711 688 780 qualem
720 712 884 761 vestri
903 719 1090 778 patres
1116 732 1210 764 nec
1233 716 1483 766 viderunt
1509 737 1600 769 nec
1630 722 1923 772 andierunt

72 799 316 849 unquam
361 800 456 832 nec
504 783 902 848 scripturarum
948 784 1110 832 series
1157 782 1449 853 aliquando
1499 806 1530 836 a
1562 792 1808 855 paqanis
1846 792 1923 841 vel

72 851 356 902 haereticis
394 851 542 901 docet
580 868 851 901 emersam.
930 848 1097 901 Cuius
1143 853 1275 902 mati
1320 857 1416 905 etsi
1463 845 1654 923 quodh'
1685 878 1923 926 unquam

63 927 193 989 post
212 919 523 988 fundatam
549 919 856 970 ecetesiamc
895 926 942 968 et
975 930 1343 989 propagatam
1364 924 1525 988 fidem
1562 927 1759 977 (fila-isti
1787 948 1920 995 pro-

72 991 311 1041 cessisset
349 988 663 1057 escemplum,
705 987 950 1039 omnibus
988 996 1165 1040 tamen,
1190 991 1446 1055 fidelibus
1476 1012 1582 1060 pro
1620 1003 1766 1046 tanto
1801 1017 1920 1048 con·

70 1066 270 1127 temptu
314 1066 362 1109 et
403 1057 806 1109 conculcatione
845 1058 1186 1124 apostoticae,
1235 1062 1385 1110 immo
1432 1062 1649 1112 divinae
1695 1069 1923 1115 anctori-

70 1130 224 1192 tatis,
272 1127 559 1179 dolendum
588 1127 741 1194 foret
790 1134 835 1178 et
880 1128 1212 1194 9emendwn.
1291 1127 1636 1199 Quapropter
1682 1135 1728 1183 si
1779 1134 1923 1184 beato

71 1197 226 1249 Petro
267 1197 440 1248 claves
477 1198 637 1265 requi
675 1195 937 1247 coelorum
978 1216 1011 1247 a
1049 1197 1301 1247 dominod
1340 1207 1517 1249 nostro
1558 1201 1674 1251 Iesu
1723 1202 1923 1254 (Vei-isto

69 1267 338 1317 traditase
390 1267 634 1331 creditis,
685 1274 732 1316 et
777 1265 924 1316 vobis
970 1285 1070 1333 per
1106 1285 1302 1317 manus
1338 1270 1518 1336 ipsius
1558 1271 1630 1320 ad
1681 1279 1925 1322 aeternae

69 1338 211 1388 vitae
262 1336 476 1406 yaudia
524 1337 807 1387 introitum
845 1334 1069 1402 pateref
1123 1338 1349 1404 cupitis,
1398 1340 1743 1406 cogyitandum
1782 1342 1925 1392 vobis

69 1413 160 1470 est,
206 1414 470 1474 quantum
509 1424 655 1456 nunc
695 1406 758 1456 de
797 1406 1047 1472 irroyata
1087 1406 1190 1456 sibi
1229 1408 1586 1458 contumelia&
1631 1409 1804 1461 dolere
1842 1412 1927 1461 de-

69 1475 254 1527 beatis.
328 1475 458 1526 Nisi
507 1478 648 1526 enim
695 1475 810 1539 liic,
865 1475 959 1524 ubi
1000 1493 1105 1542 per
1151 1476 1475 1527 discrimina
1524 1481 1926 1546 temptationum

69 1552 247 1596 vestra
270 1543 414 1610 fides
441 1552 487 1596 et·
513 1545 682 1596 corda
710 1544 1038 1612 probantur,
1078 1546 1213 1596 socii
1232 1547 1553 1612 passionum
1591 1547 1923 1615 efficiamini,

63 1614 266 1684 procul
315 1614 477 1666 dubio
527 1633 637 1665 non
687 1616 814 1664 estis
865 1614 1049 1681 di9ni,
1107 1622 1164 1664 ut
1192 1617 1499 1683 participes
1531 1617 1763 1684 futurae
1802 1638 1921 1670 con-
1969 1645 1977 1657 ,

69 1683 353 1736 solutionis
392 1691 438 1734 et
460 1683 578 1749 filii
614 1685 800 1753 re9ni,
846 1683 1109 1734 coelestem
1159 1703 1412 1736 coronam
1449 1693 1495 1735 et
1539 1686 1767 1753 ytoriam
1816 1706 1924 1738 sor-

70 1754 308 1804 tiamini.
382 1754 663 1822 Royamus
710 1755 887 1822 iai-tur
933 1755 1213 1804 caritatem
1260 1762 1513 1819 vestram,
1565 1764 1622 1805 ut
1660 1758 1925 1808 instanter

73 1823 320 1874 divinam
368 1822 799 1875 misericordiam
844 1823 1137 1890 implorare
1183 1823 1475 1889 studeatis,
1526 1832 1790 1891 quatenus
1829 1835 1923 1877 aut

72 1893 242 1944 corda
290 1894 585 1960 impiorum
633 1892 708 1943 ad
748 1894 1142 1961 poenitentiam
1191 1900 1387 1956 vertat,
1442 1900 1537 1944 aut
1583 1897 1924 1962 reprimendo

73 1980 256 2013 eorum
294 1962 544 2031 nefanda
582 1960 830 2026 consilia,
870 1980 1034 2030 quam
1070 1963 1389 2030 insipientes
1426 1971 1473 2013 et
1510 1963 1660 2014 stulti
1686 1965 1795 2015 sint
1834 1966 1927 2033 qui

68 2039 282 2100 petram
317 2032 413 2084 inh
456 2031 666 2084 Christo
690 2031 1000 2099 fundatam
1037 2039 1261 2083 evertere
1311 2040 1356 2083 et
1404 2033 1596 2083 divina
1626 2034 1923 2103 privilessia

71 2101 276 2153 violare
314 2109 599 2167 conantur,
639 2101 922 2152 ostendati.

212 2170 294 2222 70.
355 2171 522 2222 Beate
553 2171 702 2222 Petre
742 2171 1108 2239 apostolorum
1138 2172 1417 2238 princeps,
1455 2171 1666 2222 inclina
1694 2173 1926 2240 quaesok

69 2241 200 2311 pias
248 2259 408 2291 aures
445 2248 568 2292 tuas
606 2241 785 2306 nobis,
830 2249 876 2292 et
915 2241 1051 2292 aud-i
1088 2259 1166 2291 me
1204 2259 1414 2292 servum
1450 2248 1621 2306 tuum,
1674 2261 1821 2310 quem*
1861 2241 1924 2292 ab

71 2309 323 2378 infantia
361 2311 588 2362 nutristi
612 2318 660 2361 et
696 2329 860 2379 usque
900 2311 974 2361 ad
999 2311 1141 2361 hanc
1169 2310 1306 2361 diem
1333 2318 1389 2361 de
1425 2328 1593 2361 manu
1618 2312 1927 2379 iniquorum

72 2379 315 2431 liberasti
327 2419 343 2444 ,
395 2383 490 2449 qui
524 2399 603 2431 me
645 2399 752 2448 pro
791 2387 889 2431 tua
913 2380 1179 2446 fidelitate
1218 2381 1447 2431 oderunt
1483 2388 1530 2429 et
1568 2380 1771 2431 odiunt.
1848 2381 1925 2431 Tu

72 2450 238 2501 michi
263 2451 408 2501 testis
435 2468 504 2514 es,
540 2457 587 2501 et
612 2450 835 2501 domina
859 2452 1008 2501 mea*
1044 2457 1214 2501 mater
1239 2449 1346 2500 Dei
1358 2450 1387 2513 1,
1415 2456 1462 2500 et
1498 2450 1678 2500 beatus
1700 2449 1925 2514 Paulus,

75 2518 254 2579 frater
289 2527 432 2584 tuus,
471 2521 613 2570 inter
651 2537 828 2570 omnes
865 2524 1099 2584 sanctos,
1139 2518 1282 2588 quod
1317 2526 1413 2569 tua
1452 2526 1638 2569 sancta
1676 2519 1926 2569 Romana

75 2588 301 2640 ecclesia
337 2608 416 2640 me
453 2590 685 2640 invitum
725 2589 799 2639 ad
835 2607 939 2640 sua
976 2587 1350 2657 ¹qubernacuZa
1388 2589 1574 2652 tramit,
1614 2595 1657 2638 et
1684 2606 1778 2656 eqo
1817 2605 1926 2638 non

73 2659 336 2726 rapinam
364 2659 664 2710 arbitratus
690 2676 806 2709 sum
831 2659 905 2709 ad
930 2659 1103 2709 sedem
1129 2665 1278 2708 tuam
1308 2658 1606 2719 ascendere,
1636 2657 1926 2724 potiusque

74 2728 222 2779 volui
247 2730 412 2779 vitam
437 2748 608 2779 meam
621 2728 792 2794 finire
817 2730 878 2779 in
897 2729 1360 2797 pereqrinatione,
1397 2745 1556 2794 quam
1581 2725 1750 2776 locum
1779 2733 1927 2775 tuum

68 2815 177 2865 pro
225 2797 407 2867 9Zoria
454 2798 671 2862 mundi,
715 2807 875 2866 prom
932 2796 1208 2848 saeculari
1254 2797 1474 2864 inqenio
1527 2797 1785 2862 arripere.
1858 2794 1927 2844 Et

73 2867 229 2918 ideon
279 2877 375 2918 eae⁰
422 2875 520 2918 tua
564 2869 778 2937 qratia,
831 2886 939 2918 non
985 2885 1050 2917 ese
1095 2867 1224 2917 meis
1270 2865 1518 2933 operibus
1556 2865 1736 2928 credo,
1787 2864 1928 2932 quod

74 2998 112 3042 a)
137 3001 182 3034 N.
211 3002 243 3034 1.
355 2999 394 3042 b)
419 3002 576 3041 aliquod
601 3002 645 3032 R.
769 2999 802 3042 e)
830 3002 921 3032 deest
948 3002 993 3034 R.
1109 2999 1146 3041 d)
1177 3001 1210 3033 d.
1235 3001 1305 3032 deo
1335 3009 1371 3032 n.
1402 2999 1443 3031 R.
1555 2997 1589 3038 e)
1615 3002 1658 3030 tr.
1688 3006 1774 3029 esse
1803 3006 1855 3028 er.
1883 2997 1926 3028 R.

73 3046 103 3089 f)
126 3058 265 3089 parare
291 3050 343 3081 ed.
445 3050 483 3091 g)
512 3051 656 3082 iniuria
680 3051 723 3081 R.
824 3048 862 3090 h)
893 3060 915 3081 a
935 3051 979 3081 R.
1080 3048 1108 3090 i)
1136 3050 1178 3080 R.
1206 3050 1324 3079 addit:
1353 3048 1524 3086 Qualiter
1550 3051 1674 3078 autem
1703 3050 1767 3077 aut
1794 3045 1927 3084 quibus

73 3106 144 3138 pro
180 3099 302 3129 causis
338 3099 471 3130 beatus
497 3100 633 3130 Petrus
669 3100 923 3131 anathematis
961 3100 1116 3130 vinculo
1157 3107 1287 3136 regem
1326 3097 1554 3135 alligaverit,
1593 3097 1632 3126 in
1660 3095 1805 3126 cartula
1832 3102 1927 3132 quae

72 3146 163 3178 huie
189 3148 340 3179 inclusa
366 3152 441 3188 est,
477 3149 592 3188 plene
626 3149 784 3188 potestis
813 3156 1053 3186 cognoscere.
1120 3146 1214 3184 Quae
1249 3147 1288 3176 in
1326 3146 1402 3177 cod.
1432 3145 1611 3184 epistolam
1645 3143 1829 3182 praecedit,
1867 3151 1924 3180 ap.

76 3193 233 3234 Jaffe'um
259 3205 296 3236 p.
315 3198 385 3229 228
408 3198 500 3228 edita
527 3201 588 3230 est.
649 3196 688 3235 k)
717 3198 759 3236 (Ῑὲ
784 3199 814 3230 1.
842 3206 1046 3235 quesumus
1075 3197 1094 3227 2
1121 3195 1196 3236 (ubi
1219 3196 1295 3225 sola
1334 3195 1416 3224 haec
1442 3193 1747 3224 excommunicatio
1774 3188 1926 3229 Zeyitur).

75 3241 105 3284 1)
127 3244 274 3276 domini
302 3246 334 3277 2.
447 3244 499 3286 m)
527 3247 618 3277 deest
646 3246 688 3276 R.
718 3250 748 3276 et
783 3245 926 3276 omnino
963 3246 1155 3276 eiciendum
1193 3248 1253 3275 est.
1308 3242 1374 3274 Sed
1399 3251 1474 3272 cum
1501 3242 1539 3271 in
1568 3242 1586 3270 2
1615 3249 1751 3279 quoque
1779 3241 1924 3278 leyatur,

74 3291 190 3331 ipsius
217 3294 406 3325 Brunom's
441 3303 544 3326 error
570 3303 642 3326 esse
668 3295 817 3325 videtur.
878 3293 928 3327 W.
1029 3292 1068 3334 n)
1097 3294 1138 3324 in
1166 3293 1235 3324 deo
1265 3292 1296 3324 2.
1399 3289 1435 3331 ο)
1465 3291 1555 3320 deest
1585 3291 1614 3321 1.

80 3399 125 3454 1)
161 3402 289 3457 Greq.
335 3402 439 3444 VII.
474 3401 663 3458 Reqistr.
699 3402 796 3455 III,
831 3402 870 3443 6.

1945 2460 2002 2504 *μ
2020 2464 2100 2496 354.
