2204 3765
582 103 778 144 BRUNO
811 105 891 143 DE
924 105 1120 145 BELLO
1155 106 1460 149 SAXONICO.
1877 117 1928 155 ‘21

99 239 228 291 tiam
262 240 368 291 Dei
405 242 762 310 cognovimuS,
802 260 958 311 quam
996 262 1282 312 numquam
1328 244 1533 297 tradere
1572 246 1814 299 oblivioni
1853 252 2061 303 (lc-1074.

99 309 302 361 bemus
374 309 510 361 Nam
557 328 676 361 cum
725 320 869 363 tanta
914 322 1049 364 esset
1094 313 1279 364 hiemis
1328 315 1606 382 asperitas,
1657 327 1714 367 ut
1761 336 1938 370 omnes

99 378 248 429 fluvii
271 377 357 430 vel
381 378 602 448 paludes
625 382 847 431 transire
885 380 1179 432 volentibus
1215 383 1314 432 iter
1346 390 1590 434 terrestre
1617 385 1939 452 praeberent,

101 457 153 500 et
179 465 299 498 cum
325 449 453 499 viris
481 449 725 500 omnibus
751 458 933 500 contra
956 468 1133 517 regem
1162 452 1508 518 congregatis,
1537 452 1674 504 solae
1700 454 1941 506 mulieres

102 535 224 569 cum
274 516 507 586 parvulis
554 518 696 568 domi
739 517 950 569 relictae
998 519 1240 583 fuissent,
1291 521 1486 588 pagani
1533 540 1639 572 sem
1664 541 1739 573 ›er
1790 525 1941 575 nobis

99 587 275 638 infesti
321 595 485 639 totam
523 585 811 638 Saxoniam
859 586 1168 639 mulieribus
1219 596 1270 638 et
1307 588 1536 656 parvulis
1574 541 1814 642 ablluctis
1852 611 1942 662 po-

100 664 272 708 terant
325 657 380 706 in
435 657 664 708 cinerem
712 667 1036 720 convertere,
1094 657 1192 706 nisi
1243 657 1389 708 Deus
1440 676 1528 709 eos
1578 660 1802 712 mirabili
1849 680 1943 712 sua

99 725 323 794 pietate,
376 724 521 777 velut
563 725 844 793 genuinaea
892 723 1211 776 crudelitatis
1255 725 1468 792 oblitos,
1525 728 1659 780 intra
1702 732 1941 799 proprios

98 794 230 846 fines
268 795 418 863 quasi
457 793 660 845 clausos
696 793 901 845 iuberet
937 795 1218 862 quiescere.

240 863 322 915 33.
396 864 567 930 Igitur
617 881 738 913 cum
775 881 870 913 rex
908 864 1144 915 exercitu
1184 864 1454 916 Saxonum
1494 868 1772 918 comitante
1812 868 1943 918 Gos-

99 931 283 984 lariam
322 933 574 996 venisset,
625 934 706 982 sui
741 950 848 982 non
885 931 1079 983 oblitus
1130 936 1303 1002 coepit
1341 937 1640 987 occasiones
1679 956 1942 1005 quaerere,

99 1021 166 1054 ne
214 1003 350 1052 sicut
394 1001 733 1070 promiserat,
793 1000 1007 1053 deberet
1052 1002 1103 1051 in
1150 1006 1413 1070 praesenti
1464 1004 1671 1055 castella
1722 1026 1815 1056 sua
1858 1007 1943 1057 de-

100 1080 316 1123 struere.
391 1071 563 1136 Quem
603 1089 721 1121 cum
759 1088 933 1121 moras
969 1081 1179 1123 nectere
1219 1073 1431 1140 quidam
1478 1075 1744 1143 principes
1782 1075 1943 1126 nostri

98 1141 357 1205 viderent,
407 1140 645 1192 volentes
696 1141 742 1192 ei
788 1139 998 1210 placere
1047 1152 1345 1197 suaserunt,
1394 1154 1451 1193 ut
1499 1141 1625 1192 illud
1675 1144 1943 1195 castellum

97 1211 362 1275 maiusb·1,
411 1209 554 1279 quod
591 1228 802 1261 manere
839 1209 1075 1275 volebat,
1120 1209 1277 1261 alicui
1314 1211 1378 1262 de
1416 1212 1742 1281 principibus
1782 1213 1945 1264 Saxo-

98 1281 220 1331 niae
269 1281 418 1349 quasi
454 1281 510 1330 in
547 1279 866 1331 deditionem
902 1280 1156 1345 traderet,
1207 1280 1374 1331 donec
1422 1281 1604 1349 populi
1641 1282 1804 1345 furor,
1858 1285 1945 1351 qui

97 1358 222 1402 tunc
273 1349 612 1401 vehementer
665 1350 907 1415 ardebat,
969 1348 1295 1418 aliquantum
1350 1358 1666 1419 tepesceret,
1721 1361 1770 1403 et
1823 1360 1947 1403 tunc

98 1418 386 1485 castellum,
426 1420 560 1470 sicut
595 1418 820 1485 volebat,
856 1419 1123 1487 integrum
1148 1428 1493 1488 permaneret.
1549 1420 1684 1470 Nam
1721 1421 1946 1490 populus

96 1497 156 1541 ut
193 1488 487 1540 dirueretur
521 1488 862 1541 vehementer
896 1488 1149 1555 instabat,
1189 1489 1330 1558 quod
1365 1491 1466 1540 nisi
1491 1490 1652 1555 fieret,
1693 1508 1745 1541 se
1773 1493 1945 1543 statim

98 1559 166 1611 ab
204 1560 409 1627 integro
446 1557 695 1611 rebellem
732 1559 843 1610 fore
883 1558 1159 1611 clamabat.
1234 1559 1351 1610 Rex
1386 1577 1510 1610 vero
1549 1561 1602 1609 in
1644 1559 1819 1611 multis
1857 1578 1945 1612 an-

98 1630 288 1697 gustiis
334 1630 538 1697 positus
586 1628 715 1697 quid
761 1629 959 1679 faceret
1005 1627 1298 1693 nesciebat3
1355 1630 1479 1698 quia
1523 1646 1618 1680 nec
1676 1629 1945 1680 castellum

95 1697 228 1749 illud
266 1699 535 1750 destruere
571 1697 811 1764 volebat,
858 1716 956 1749 nec
1005 1697 1162 1749 alicui
1206 1700 1531 1767 principum,
1577 1699 1667 1767 qui
1705 1698 1855 1763 illud,
1902 1700 1945 1749 si

97 1769 199 1820 sibi
237 1770 390 1836 quasi
425 1768 732 1834 traderetur,
772 1775 1030 1819 staturum
1067 1767 1459 1836 promittebant,
1497 1767 1655 1819 fidem
1691 1768 1944 1835 habebat3

96 1845 150 1889 et
193 1837 475 1907 populum,
528 1856 594 1888 ne
639 1838 874 1889 recidiva
918 1836 1056 1889 bella
1102 1846 1412 1903 resumeret,
1462 1836 1615 1888 valde
1663 1837 1944 1889 metuebat.

97 1908 218 1973 Qua
255 1908 395 1958 enim
431 1908 624 1959 Virtute
663 1926 832 1978 paene
871 1907 1012 1958 solus
1051 1909 1105 1957 in
1130 1907 1303 1959 medio
1332 1908 1569 1958 exercitu
1594 1906 1945 1976 deprehensus

96 1996 152 2029 se
190 1977 508 2043 defenderet,
545 1976 630 2029 vel
668 1995 773 2047 qua
808 1977 936 2045 fuga
973 1995 1027 2027 se
1054 1985 1232 2046 septus
1258 1976 1490 2045 undique
1518 1977 1684 2027 saevis
1710 1976 1946 2028 hostibus

95 2046 482 2099 absconderet?
541 2048 710 2116 Igitur
747 2046 816 2098 ad
851 2047 1123 2116 ingenium
1161 2065 1312 2097 suum
1350 2065 1589 2098 reversus
1627 2047 1947 2114 excogitavit

96 2116 303 2184 dolum3
343 2118 434 2186 qui
471 2124 647 2168 tamen
683 2135 789 2168 non
827 2136 962 2182 eum,
1003 2135 1160 2185 quem
1197 2115 1459 2185 sperabat,
1495 2116 1661 2167 tenuit
1686 2115 1943 2166 effectum.

96 2187 233 2238 Nam
271 2186 589 2256 quibusdam
639 2186 703 2238 de
751 2187 859 2238 suis
895 2187 1123 2255 antiquis
1172 2184 1516 2237 familiaribus
1563 2183 1761 2235 occulte
1798 2203 1944 2253 prae-

99 2258 253 2326 cepit,
291 2266 352 2308 ut
388 2258 502 2309 eius
537 2264 742 2309 tantum
780 2255 1244 2325 propugnaculum
1282 2255 1579 2306 summatim
1607 2254 1944 2323 deponerent,

96 2335 149 2378 et
187 2345 309 2377 cum
345 2325 576 2396 populus
614 2326 715 2378 hoc
753 2327 867 2377 viso
905 2334 1074 2377 totum
1113 2343 1329 2395 sperans
1369 2342 1610 2375 casurum
1637 2323 1944 2388 discederet,

95 2395 172 2447 illi
216 2414 249 2446 a
286 2395 544 2448 diruendo
595 2404 888 2461 cessarent,
938 2404 989 2447 et
1026 2396 1135 2446 sic⁰
1184 2396 1370 2465 paucis
1413 2394 1576 2444 ruinis
1624 2394 1944 2458 restauratis,

96 2467 361 2535 integrum
398 2466 537 2517 sicut
571 2465 781 2518 volebat
816 2473 1165 2534 permaneret.
1240 2463 1346 2516 Sed
1383 2462 1457 2514 illi
1495 2480 1588 2514 suo
1624 2462 1791 2514 labori
1827 2480 1943 2531 par·
1961 2484 2066 2515 Marc.

98 2545 274 2587 centes
328 2536 531 2587 vicinos
587 2535 858 2586 adduxere
912 2536 1165 2600 rusticos,
1227 2551 1358 2604 quos
1416 2534 1548 2584 sicut
1601 2539 1746 2583 erant
1798 2532 1942 2597 iussi,

95 2605 359 2657 iusserunt
397 2624 630 2657 summos
667 2612 872 2656 tantum
910 2622 1089 2655 muros
1127 2603 1381 2655 demoliri.
1441 2602 1644 2653 Rustici
1668 2618 1793 2652 vero
1822 2618 1944 2651 eum

97 2677 210 2726 eius
246 2674 347 2727 loci
383 2683 698 2745 potestatem
734 2692 874 2725 nunc
910 2674 1253 2743 accepissent,
1292 2690 1394 2742 quo
1420 2670 1584 2722 multa
1609 2671 1712 2720 iam
1737 2669 1942 2738 pridem

96 2744 237 2796 mala
272 2746 417 2816 passi
453 2745 698 2810 fuissent,
736 2762 844 2795 non
881 2743 1008 2813 quid
1043 2743 1378 2806 iuberentur,
1418 2740 1509 2792 sed
1548 2739 1674 2810 quid
1711 2740 1815 2788 iam
1853 2738 1943 2789 diu

98 2814 484 2868 desiderassent
506 2814 867 2879 intendebant,
905 2831 937 2863 a
972 2813 1225 2864 diruendo
1263 2830 1369 2863 non
1395 2812 1737 2880 quiescentes,
1776 2807 1943 2859 donec

95 2883 329 2953 lapidem
378 2904 535 2954 super
577 2884 809 2954 lapidem
854 2901 961 2933 non
1004 2901 1275 2934 remanere
1323 2879 1589 2932 videbant.
1676 2878 1817 2945 Ergo
1866 2896 1942 2928 re-

98 2954 239 3022 galia
284 2954 553 3021 aedificia,
602 2954 767 3023 regali
816 2960 1029 3022 sumptu
1065 2971 1160 3021 per
1194 2950 1387 3002 multos
1424 2967 1587 3001 annos
1627 2955 1941 3012 constructa,

97 3024 247 3077 brevi
289 3033 526 3093 tempore
575 3025 877 3088 destruunt,
927 3033 978 3075 et
1025 3023 1079 3072 in
1114 3022 1272 3073 tantis
1308 3017 1583 3071 moenibus
1628 3034 1724 3067 nec
1759 3015 1942 3065 funda-

99 3103 278 3146 menta
311 3113 419 3145 non
457 3103 604 3146 eruta
639 3094 956 3162 relinquunt.
1027 3091 1215 3158 Legati
1263 3091 1401 3158 regis
1449 3106 1555 3139 non
1599 3085 1792 3137 audent
1828 3103 1942 3135 ver-

99 3163 231 3215 bum
266 3163 469 3229 facere,
507 3165 630 3233 quia
667 3172 719 3216 et
753 3164 916 3231 ipsos,
954 3162 999 3212 si
1037 3160 1164 3229 quid
1202 3158 1642 3221 contradicerent,
1679 3154 1943 3204 minantur

99 3301 136 3344 a)
164 3303 215 3334 ita
242 3304 284 3342 23
319 3311 467 3342 gemme
496 3304 527 3333 1.
628 3300 667 3342 b)
692 3305 733 3333 ut
759 3303 923 3333 castrum
950 3297 1193 3331 Harcesburh
1222 3298 1252 3330 2.
1354 3294 1386 3336 c)
1415 3297 1468 3327 sic
1495 3294 1588 3326 illud
1614 3302 1650 3333 p.
1680 3288 1733 3323 1¹³.

105 3415 152 3471 1)
185 3417 277 3458 scil.
308 3416 561 3470 Harzbury.
623 3414 675 3454 P.
