2204 3765
566 121 763 161 BRUNO
795 123 875 161 DE
908 124 1102 164 BELLO
1137 126 1446 168 SAXONICO.
1891 141 1947 178 67

107 265 362 338 consueta
415 275 578 326 pravo
634 277 1022 337 pravorumque
1077 262 1292 314 consilio
1346 267 1636 318 revertitur.
1719 271 2065 340 Ιιιηιοῃὶῖιοῑτ.

109 334 272 395 cap1t1
326 344 544 377 aureum
599 326 866 393 diadema,
924 339 975 380 et
1027 331 1081 380 in
1137 332 1292 384 eorde
1342 336 1529 386 retinet
1577 336 1710 386 forro
1765 340 1945 392 furtin„-

107 395 402 447 anathema.
475 396 1071 449 Excommunicatorum
1117 404 1470 453 communioni
1516 406 1775 466 miscetur,
1825 423 1873 460 vt
1919 430 1948 460 a

111 475 414 518 sanctorum
472 466 840 517 communione
896 468 1054 519 miser
1108 468 1191 520 ille
1249 470 1531 538 repellitur.
1623 474 1772 525 Nunc
1829 480 1949 530 fecit

111 535 355 588 omnibus
405 535 769 599 manifestum,
821 536 981 604 quia³
1036 554 1141 588 non
1187 558 1371 590 verum
1419 550 1552 592 esset
1607 544 1747 611 quod
1803 547 1951 607 dixit,

106 605 226 675 plus
278 623 334 656 se
384 622 562 655 amare
610 622 830 672 regnum
881 604 1100 656 coeleste
1151 626 1307 675 quam
1357 618 1635 660 terrenum.
1710 615 1861 677 Quod
1909 618 1950 665 si

107 692 396 744 parumper
413 675 468 724 in
489 672 787 726 obedientia
805 675 1194 742 permansisset,
1223 685 1273 727 et
1297 697 1515 746 regnum
1536 699 1670 731 nunc
1694 694 1950 734 terrenum

109 762 231 796 cum
256 761 389 813 pace
414 752 630 807 teneret,
669 751 720 793 et
746 743 1063 812 quandoque
1093 745 1314 798 coeleste
1346 749 1456 799 sine
1494 749 1592 799 fine
1619 769 1951 818 p‹›ss‹31ssurus

107 815 387 883 acciperet.
461 812 616 863 Nunc
653 831 777 864 vero
815 812 984 864 factus
1022 815 1356 881 inobediens,
1409 828 1458 868 et
1501 817 1597 869 hoe
1638 821 1774 888 quod
1813 835 1952 874 amat

106 902 214 936 non
249 881 489 949 habebit,
527 882 630 932 nisi
668 899 790 932 cum
827 899 1019 950 magno
1058 882 1254 950 labore,
1309 894 1359 937 et
1401 886 1526 937 illud
1574 907 1676 938 non
1714 892 1950 959 accipiet,

105 954 207 1005 nisi
243 970 437 1021 magna
473 953 634 1003 totius
669 952 812 1002 vitae
850 953 1153 1006 mutatione.

247 1024 329 1073 91.
390 1022 600 1073 Interea
628 1019 867 1072 Saxones
906 1030 957 1072 et
984 1022 1147 1073 Suevi
1174 1023 1452 1075 Forcheim
1491 1028 1818 1079 conveniunt.
1860 1029 1949 1078 scd

106 1099 157 1146 et
193 1092 258 1144 de
296 1091 411 1142 aliis
448 1089 754 1159 regionibus
791 1089 952 1158 legati
977 1091 1208 1156 aderant,
1250 1094 1374 1161 quib
1415 1096 1666 1164 quicquid
1694 1098 1774 1146 isti
1803 1098 1866 1147 dc
1897 1118 1950 1148 ro

104 1161 321 1232 publica
371 1160 679 1213 commodec
730 1159 1052 1225 definierint,
1096 1161 1237 1213 idem
1281 1162 1495 1214 laudare
1534 1182 1655 1215 suos
1704 1165 1948 1218 indicant.

103 1232 303 1284 Aderat
341 1232 497 1282 etiam
540 1229 744 1299 legatus
781 1228 1108 1298 apostolici1,
1160 1232 1249 1300 qui
1287 1242 1475 1283 cuncta
1513 1251 1645 1302 quae
1683 1234 1747 1286 de
1790 1254 1950 1303 regno

104 1309 362 1355 nostrates
399 1300 596 1352 utiliter
621 1299 976 1368 disponerent,
1014 1300 1333 1368 apostolicae
1361 1301 1693 1356 sublimitatis
1730 1306 1949 1354 auctori-

103 1380 210 1425 tate
247 1371 494 1423 firmaret.
567 1369 656 1420 Ex
693 1368 872 1420 multis
912 1387 1043 1438 quos
1089 1371 1349 1439 probitate
1386 1371 1572 1439 dignos
1610 1374 1660 1422 in
1699 1373 1949 1424 electione

103 1449 508 1512 proposuerunt,
559 1438 774 1491 tandem
811 1438 1115 1504 Rodulfum,
1161 1440 1350 1492 ducem
1389 1440 1698 1505 Suevorum,
1736 1444 1947 1511 regemd

104 1511 207 1563 sibi
233 1510 474 1563 Saxones
512 1517 565 1561 et
591 1508 754 1562 Suevi
791 1508 1122 1560 concorditer
1160 1509 1441 1578 elegerunt.
1498 1513 1568 1562 At
1601 1530 1719 1562 cum
1758 1512 1949 1579 singuli

104 1581 358 1634 deberent
383 1599 504 1631 eum
539 1598 720 1648 regem
756 1577 990 1646 laudare,
1029 1579 1242 1649 quidam
1276 1580 1553 1632 voluerunt
1589 1581 1789 1650 aliquas
1829 1600 1947 1632 con-

103 1653 336 1704 diciones
389 1651 748 1718 interponere,
805 1657 865 1700 ut
917 1648 1016 1699 hac
1070 1648 1185 1718 lege
1237 1668 1356 1701 eum
1413 1669 1570 1718 super
1613 1670 1665 1702 se
1720 1650 1949 1702 levarent

101 1740 305 1791 regem,
346 1720 594 1789 quatinus
633 1717 735 1770 sibi
774 1718 838 1770 de
877 1719 985 1769 suis
1035 1719 1238 1770 iniuriis
1285 1719 1582 1788 specialiter
1623 1721 1949 1788 promitteret

100 1790 550 1843 iustificationem.
626 1788 751 1841 Otto
799 1807 1026 1858 namque
1077 1787 1189 1839 dux
1240 1807 1347 1840 non
1395 1790 1539 1858 prius
1578 1788 1787 1841 volebat
1828 1808 1946 1840 cum

102 1861 204 1913 sibi
238 1879 420 1929 regem
460 1860 794 1923 constituere,
837 1859 938 1909 nisi
974 1859 1302 1927 promitteret
1337 1859 1584 1910 honorem
1625 1858 1723 1910 sibi
1760 1860 1948 1909 iniuste

101 1932 336 1983 ablatum
373 1930 665 1982 restituere.
742 1928 831 1980 Sic
868 1937 920 1980 et
955 1927 1044 1980 alii
1089 1927 1240 1979 multi
1278 1947 1397 1979 suas
1435 1928 1723 1998 singulares
1762 1946 1946 1979 causas

100 2003 467 2069 interponunt,
518 2017 649 2069 quas
685 2006 745 2050 ut
779 1997 866 2049 ille
905 2017 960 2050 se
998 2007 1354 2050 correcturum
1392 1999 1716 2067 promitteret
1752 1996 1945 2049 volunt.

103 2071 261 2137 Quod
286 2069 581 2139 intelligens
608 2067 887 2138 apostolici
910 2067 1117 2136 legatus
1142 2069 1256 2120 fieri
1282 2068 1565 2138 prohibuit,
1592 2078 1642 2119 et
1669 2067 1946 2119 ostendens

102 2161 225 2194 eum
270 2159 376 2192 non
423 2138 748 2208 singulorum
789 2138 880 2189 sed
921 2139 1285 2190 universorum
1330 2138 1441 2189 fore
1486 2156 1687 2205 regem,
1734 2146 1791 2187 ut
1836 2138 1946 2186 uni-

99 2212 268 2264 versis
303 2211 501 2262 iustum
527 2228 582 2261 se
619 2209 966 2278 promitteret,
1005 2210 1128 2260 satis
1166 2226 1278 2260 esse
1315 2205 1595 2277 perhibuit.
1658 2208 1748 2257 Ait
1773 2207 1944 2268 etiam,

101 2283 146 2334 si
182 2300 243 2334 eo
280 2281 438 2332 modo
479 2297 583 2349 quo
622 2286 871 2347 coeptum
920 2278 1116 2344 fuerat,
1166 2277 1600 2348 promissionibus
1645 2275 1943 2344 singillatim

99 2352 405 2422 praemissis
443 2349 746 2419 eligeretur,
796 2349 914 2418 ipsa
951 2347 1134 2400 electio
1173 2366 1278 2399 non
1317 2348 1545 2412 sincera,
1590 2346 1681 2397 sed
1718 2346 1944 2397 haeresis

102 2422 425 2474 simoniacae
461 2437 665 2471 veneno
702 2417 905 2489 polluta
940 2418 1225 2470 videretur.
1289 2418 1491 2468 Tamen
1529 2414 1787 2485 quaedam
1826 2422 1945 2464 sunt

99 2491 176 2544 ibi
213 2509 403 2542 causae
441 2487 741 2559 specialiter
777 2496 1049 2558 exceptae,
1090 2505 1236 2557 quas,
1277 2487 1400 2556 quia
1435 2486 1624 2536 iniuste
1650 2485 1943 2552 viguerant,

100 2561 317 2615 deberet
341 2559 650 2626 emendare3
691 2557 893 2610 scilicet
919 2567 976 2609 ut
1001 2558 1337 2626 episcopatus
1375 2574 1479 2606 non
1515 2573 1609 2624 pro
1647 2555 1812 2622 pretio
1850 2570 1945 2603 nec

99 2650 197 2702 pro
223 2631 458 2682 amicitia
483 2629 647 2694 daret,
687 2627 779 2681 sed
808 2628 1093 2697 unicuique
1119 2626 1371 2678 ecclesiae
1398 2626 1461 2676 de
1489 2625 1595 2675 suis
1622 2623 1942 2684 electionem,

101 2703 234 2754 sicut
277 2700 465 2753 iubent
501 2717 753 2764 canones,
802 2699 1142 2767 permitteret.
1214 2695 1331 2746 Hoc
1371 2695 1526 2746 etiam
1575 2694 1650 2745 ibi
1688 2709 1943 2743 consensu

101 2771 368 2824 communi
426 2767 855 2839 comprobatum,
910 2768 1134 2818 Romani
1187 2764 1452 2835 pontificis
1507 2762 1811 2814 auctoritate
1867 2769 1943 2811 est

101 2841 514 2907 corroboratum,
570 2847 629 2891 ut
663 2839 811 2908 regia
847 2845 1078 2907 potestas
1114 2835 1242 2887 nulli
1279 2853 1373 2905 per
1415 2833 1770 2893 hereditatem,
1810 2831 1945 2880 sicut

99 2918 220 2964 ante
255 2910 356 2963 fuit
393 2908 735 2975 consuetudo,
775 2908 998 2973 eederet,
1037 2906 1128 2958 sed
1165 2905 1302 2956 filius
1339 2905 1493 2972 regis,
1533 2903 1688 2953 etiam
1727 2901 1768 2951 si
1793 2898 1943 2949 valde

101 2981 293 3051 dignus
332 2989 485 3047 esset,
523 2979 733 3050 potiuse
781 2997 877 3048 per
914 2975 1220 3029 electionem
1259 2982 1616 3044 spontaneam,
1655 2987 1811 3039 quam
1850 2987 1944 3037 per

100 3051 450 3104 successionis
486 3050 681 3101 lineam
717 3067 814 3100 rex
850 3047 1172 3117 proveniret3
1212 3046 1255 3096 si
1291 3060 1414 3096 vero
1451 3060 1557 3093 non
1583 3048 1718 3092 esset
1754 3038 1944 3106 dignus

98 3122 242 3191 regis
278 3120 442 3186 filius,
492 3118 576 3171 vel
613 3119 657 3170 si
704 3116 866 3170 nollet
901 3135 1020 3168 eum
1067 3114 1314 3185 populus,
1365 3130 1520 3182 quem
1557 3127 1734 3178 regem
1772 3109 1942 3158 facere

97 3239 135 3282 a)
162 3250 275 3280 quam
305 3243 336 3272 1.
437 3239 478 3283 b)
505 3241 596 3272 deest
624 3241 656 3272 1.
697 3235 754 3271 lb.
857 3235 890 3277 c)
927 3237 1083 3268 comode
1113 3237 1152 3275 13
1188 3236 1244 3266 rei
1280 3233 1433 3274 publice
1471 3229 1666 3262 commode
1703 3230 1735 3260 2.
1836 3226 1873 3266 d)
1903 3227 1940 3257 in

99 3299 228 3329 regem
257 3291 291 3323 2.
390 3287 427 3330 e)
455 3290 546 3320 deest
574 3291 606 3322 1.
638 3284 694 3319 lb.

102 3383 147 3438 1)
181 3385 283 3426 Duo
325 3384 512 3426 aderant
553 3382 816 3425 Bernardus
865 3376 1107 3421 cardinalis
1155 3376 1369 3418 diaconus
1419 3380 1457 3414 ec
1508 3371 1765 3414 Ber-nardus
1807 3370 1940 3409 abbas

96 3444 399 3488 Massiliensis.
472 3442 531 3487 W.

1493 3505 1524 3554 5
1537 3504 1564 3533 a
