2204 3765
583 94 784 135 BRUNO
814 96 894 134 DE
929 97 1128 138 BELLO
1165 100 1479 143 SAXOXICO.
1894 115 1949 155 39

111 231 205 282 hoc
257 231 520 299 gaudium
571 238 745 281 vestra
787 236 1096 299 paternitas
1145 236 1396 303 effecerit,
1443 248 1487 289 et
1540 243 1611 292 od
1655 261 1751 293 sicu
1795 249 2075 299 citiusiow.

107 299 286 350 ‘redire
324 299 596 351 dominum
638 307 875 351 nostrum
926 305 1039 352 suis
1090 321 1411 374 suorumque
1462 310 1949 376 supplicatim‘'bits-

108 368 408 432 adiuverit,
459 387 749 436 numquam
789 387 879 420 vos
908 372 1105 437 priora
1148 374 1298 425 nobis
1335 376 1584 441 beneficia
1618 385 1950 446 praestitisse

95 437 418 505 poenitebit,
466 437 594 488 dum
644 445 691 488 et
735 439 909 505 ipsum
953 439 1222 491 dominum
1268 452 1496 494 nostrum
1539 448 1683 497 vobis
1723 452 1948 504 amicum

105 524 311 575 semper
349 507 423 556 ad
461 508 644 558 omnia
672 509 1124 574 paratissimum,
1176 529 1372 579 nosque
1413 531 1586 565 omnes
1631 535 1729 566 non
1772 521 1948 571 'minus

103 573 318 627 devotos
366 575 626 626 habebitis
672 583 719 625 et
766 575 1052 641 subiectos,
1102 596 1259 644 quam
1315 580 1506 632 clerum
1549 586 1655 634 sive
1687 589 1947 653 populum

94 645 409 712 proprium.
481 644 572 695 Ad
621 645 764 712 quod
803 644 1197 712 peificiendum
1249 650 1297 699 si
1351 658 1517 700 vestra
1559 653 1854 705 sublimitas
1892 676 1947 708 eo

101 732 206 782 quo
243 730 522 780 speramus
571 714 750 764 studio
789 713 1014 764 voluerit
1051 718 1207 781 eniti,
1255 720 1368 769 sine
1414 721 1572 771 multo
1623 722 1801 774 labore
1839 746 1946 777 ere-

99 783 280 834 dimus
316 782 377 833 id
405 801 564 850 posse
588 781 744 847 fieri,
797 785 926 850 quia
966 785 1061 835 hoc
1101 794 1297 836 certum
1347 795 1603 853 tenemus,
1654 794 1797 858 qnod
1837 798 1946 861 ipse

97 859 305 903 tenetur
342 853 600 903 innocens
639 853 918 921 captivus,
967 861 1013 902 et
1051 854 1162 905 sola
1201 874 1331 906 suae
1371 858 1520 908 salus
1559 860 1804 913 ecclesiae
1841 865 1946 920 fnit

96 923 150 973 ei
185 940 355 972 causa
392 921 708 972 traditionis
746 940 891 973 suae.
959 922 1305 991 Omnipotens
1342 928 1512 995 iyitzcr
1535 929 1683 980 Deus
1721 920 1946 984 dieseos

97 992 159 1041 'in
198 990 297 1041 hac
334 991 448 1041 vita
487 998 770 1055 conservet,
810 990 1059 1043 ecclesiae
1098 1011 1227 1043 suae
1265 993 1534 1061 solatium,
1573 1006 1618 1048 et
1652 1008 1768 1066 post
1806 1002 1945 1053 lianc

96 1061 263 1111 vitam
311 1059 516 1112 tribuat
564 1060 711 1112 vobis
758 1061 1138 1128 sempiternum
1197 1063 1378 1114 beatae
1433 1066 1573 1117 vitae
1619 1072 1944 1134 praemium.

29 1162 40 1171 .
112 1128 299 1181 Valete.

235 1197 316 1250 60.
393 1195 530 1249 Cum
585 1216 711 1266 ergo
766 1217 863 1249 rex
909 1197 1066 1250 urbes
1119 1208 1169 1251 et
1220 1218 1399 1252 01111105
1451 1203 1502 1253 111
1556 1203 1787 1255 Saxonia
1838 1225 1945 1258 11111-

94 1267 322 1318 nitiones
377 1284 592 1319 suorum
646 1267 882 1320 fidelium
940 1268 1219 1336 praesidiis
1277 1282 1615 1341 occupasset,
1684 1283 1733 1325 ct
1787 1275 1947 1326 nichil

94 1336 210 1402 sibi,
250 1337 534 1406 quominus
570 1338 626 1388 in
654 1336 890 1389 Saxonia
913 1337 1110 1390 faceret
1148 1348 1334 1391 cuncta
1374 1359 1507 1409 quae
1545 1341 1713 1409 vellet,
1740 1354 1946 1412 putaret

93 1404 329 1473 obstare,
378 1407 620 1458 transivit
656 1424 688 1457 a
724 1407 878 1459 nobis
923 1408 977 1458 111
1015 1408 1188 1459 medio
1229 1409 1689 1479 quadragesimae,
1737 1414 1944 1466 obsides
1965 1429 2069 1463 Mare.

91 1474 286 1527 multos
324 1494 503 1527 secum
543 1477 757 1542 ducenS,
797 1485 848 1528 et
884 1477 1028 1546 apud
1064 1496 1158 1529 nos
1197 1479 1286 1547 qui
1311 1481 1506 1531 tributa
1543 1480 1606 1533 de
1644 1483 1944 1550 regionibus

90 1547 286 1597 nostris
337 1547 611 1614 exigerent
654 1546 971 1616 relinquens.
1048 1546 1290 1616 Cumque
1341 1567 1460 1600 suos
1509 1550 1638 1601 fines
1684 1552 1941 1620 intrasset,

91 1622 147 1666 et
195 1614 356 1667 duces
405 1616 518 1667 eius
559 1618 824 1685 ceterique
865 1617 954 1685 qui
991 1615 1193 1668 fortiter
1230 1619 1284 1667 111
1322 1617 1521 1687 proelio
1561 1630 1941 1688 pugnaverant,

90 1684 232 1736 dona
267 1684 608 1754 triumphalia
645 1694 1009 1754 expectarent,
1057 1684 1142 1738 ille
1192 1705 1382 1738 munus
1422 1688 1562 1757 quod
1599 1690 1704 1741 fere
1744 1693 1942 1744 cunctis

89 1753 336 1806 fidelibus
385 1756 491 1806 suis
538 1754 720 1824 largiri
765 1754 948 1806 solitus
1001 1763 1162 1822 erat¹,
1219 1757 1375 1808 etiam
1422 1776 1561 1808 nunc
1613 1760 1666 1808 in
1710 1762 1942 1827 praemio

91 1825 299 1876 virtutis
356 1824 481 1877 dare
536 1823 781 1894 parabat3
844 1824 1134 1894 dolensque
1190 1826 1331 1894 quod
1388 1845 1454 1879 ex
1509 1828 1834 1896 principibus
1889 1831 1943 1880 in

89 1893 292 1963 proelio
339 1912 447 1945 non
498 1895 567 1946 ad
615 1902 795 1946 votum
844 1913 995 1946 suum
1043 1895 1381 1961 cecidissent,
1438 1898 1601 1948 vitam
1656 1916 1812 1966 quam
1851 1917 1943 1969 per

88 1964 361 2033 ignaviam
409 1981 498 2016 eos
548 1982 786 2016 servasse
833 1964 1105 2030 credebat,
1163 1966 1237 2015 eis
1275 1983 1369 2034 per
1407 1967 1678 2017 saevitiam
1718 1967 1942 2019 31110111ει

90 2034 357 2102 cupiebat.
429 2033 568 2085 Nam
606 2041 665 2085 ut
701 2033 842 2085 solus
883 2035 1116 2085 omnium
1159 2034 1403 2085 dominus
1443 2043 1602 2101 esset,
1653 2036 1850 2088 nullum
1888 2038 1943 2089 in

87 2121 253 2172 regno
301 2120 396 2155 suo
447 2103 721 2155 dominum
770 2105 949 2155 vivere
995 2102 1166 2156 vellet.
1239 2105 1426 2173 Itaque
1474 2123 1591 2156 cum
1640 2105 1806 2157 tribus
1843 2107 1942 2158 for·

86 2173 306 2225 tissimis
332 2173 459 2224 viris
485 2175 701 2225 armatis
729 2173 991 2243 quandam
1021 2173 1235 2224 domum
1265 2174 1523 2226 desertam
1563 2175 1734 2227 medio
1773 2178 1941 2228 noctis

86 2243 305 2294 intravit
354 2250 405 2294 et
453 2242 579 2295 illuc
634 2262 799 2294 unum
861 2261 930 2295 ex
981 2242 1235 2294 militibus
1286 2243 1496 2295 Rodulfi
1544 2243 1693 2296 ducis
1743 2256 1940 2298 secreto

86 2312 401 2364 introduxit.
474 2313 583 2378 Qui
619 2313 745 2364 visis
782 2313 973 2382 gladiis
1012 2313 1112 2364 sibi
1149 2313 1347 2378 timuit,
1387 2314 1510 2382 quia
1547 2332 1649 2382 quo
1689 2314 1942 2382 effugeret

86 2400 196 2434 non
220 2382 418 2435 habuit.
471 2383 578 2434 Sed
605 2401 724 2434 cum
749 2402 846 2435 rex
871 2382 1048 2433 multis
1076 2400 1194 2433 eum
1222 2383 1660 2451 promissionibus
1688 2392 1939 2448 oneraret,

85 2452 134 2503 si
180 2451 468 2503 Rodulfum
525 2452 717 2503 ducem
770 2452 864 2504 ubi
909 2453 1137 2521 primum
1194 2452 1293 2503 sibi
1348 2452 1560 2504 daretur
1616 2454 1939 2521 oportunitas

86 2521 376 2587 occideret,
433 2540 540 2573 non
587 2540 766 2574 amore
820 2523 1202 2590 promissorum
1257 2521 1349 2573 sed
1403 2523 1588 2574 timore
1643 2521 1939 2590 gladiorum

86 2593 464 2660 praesentium,
490 2591 591 2642 hoc
619 2610 673 2643 se
710 2592 882 2644 factur
909 2591 1156 2661 umquasi
1183 2590 1350 2642 laetus
1388 2591 1643 2660 promisit,
1685 2610 1938 2660 suamque

85 2662 492 2729 promissionem
518 2662 814 2714 iuramento
843 2660 1187 2712 confirmavit.
1244 2660 1401 2711 Mane
1427 2670 1602 2712 autem
1639 2660 1778 2712 facto
1818 2678 1935 2711 cum

85 2731 201 2783 dux
247 2730 313 2782 de
357 2731 550 2783 virtute
598 2738 650 2783 et
695 2730 800 2783 fide
837 2730 1062 2782 multum
1106 2728 1350 2781 laudatus
1389 2748 1418 2780 a
1455 2748 1580 2798 rege
1620 2748 1738 2780 cum
1776 2728 1938 2781 multa

85 2802 345 2853 suavitate
385 2800 634 2852 dimissus
671 2800 866 2865 abiret,
910 2799 995 2851 ille
1033 2799 1288 2868 correptis
1326 2800 1484 2850 armis
1522 2797 1771 2850 velociter
1807 2799 1940 2850 inse·

85 2870 282 2940 quitur,
321 2878 373 2922 et
396 2870 581 2922 lancea
617 2879 867 2939 protensa
893 2888 988 2939 per
1024 2867 1257 2920 mediam
1281 2869 1490 2920 turbam
1528 2868 1796 2933 festinans,
1834 2867 1937 2918 alto

85 2940 317 2992 clamore
355 2958 411 2992 se
448 2940 639 2991 ducem
677 2940 917 2992 occidere
955 2939 1242 2990 minitatur.
1301 2937 1351 2989 A
1390 2936 1643 2989 militibus
1683 2954 1805 2988 vero
1845 2938 1940 2988 cir-

85 3010 365 3062 cumdatus
401 3017 454 3062 et
491 3027 708 3061 causam
743 3010 958 3061 terroris
995 3008 1346 3076 interrogatus
1359 3048 1370 3073 ,
1425 3014 1589 3058 totam
1628 3007 1815 3058 seriem
1852 3024 1940 3057 ne-

83 3080 218 3148 gotii
245 3079 388 3149 quod
412 3080 467 3131 in
492 3086 646 3131 nocte
672 3089 881 3148 gestum
917 3078 1086 3128 fuerat
1124 3078 1358 3145 exponit,
1397 3077 1660 3145 armisque
1695 3076 1939 3144 proiectis

84 3149 195 3219 ipsi
231 3148 370 3216 duci,
410 3148 538 3218 quid
575 3157 626 3201 et
663 3167 768 3218 qua
803 3149 859 3199 vi
897 3155 1110 3199 coactus
1147 3147 1387 3207 iurasset,
1425 3145 1719 3197 innotescit.

229 3219 314 3273 61.
387 3218 508 3270 Alio
558 3225 823 3288 tempore,
882 3235 1000 3267 cum
1048 3215 1188 3267 idem
1239 3215 1349 3266 dux
1391 3216 1625 3283 reginam
1681 3214 1734 3264 in
1781 3229 1940 3263 manu

89 3320 129 3363 a)
159 3323 308 3355 auferre
337 3318 394 3356 lb.

91 3401 140 3455 1)
172 3402 203 3443 z'.
236 3416 270 3444 e.
304 3409 496 3444 mortem.
559 3402 612 3443 P.
