<?xml version="1.0" encoding="UTF-8"?>
<!DOCTYPE html PUBLIC "-//W3C//DTD XHTML 1.0 Transitional//EN"
    "http://www.w3.org/TR/xhtml1/DTD/xhtml1-transitional.dtd">
<html xmlns="http://www.w3.org/1999/xhtml" xml:lang="en" lang="en">
 <head>
  <title>
</title>
<meta http-equiv="Content-Type" content="text/html;charset=utf-8" />
  <meta name='ocr-system' content='tesseract 3.04.00' />
  <meta name='ocr-capabilities' content='ocr_page ocr_carea ocr_par ocr_line ocrx_word'/>
</head>
<body>
  <div class='ocr_page' id='page_1' title='image "./brunonisdebellos00brunuoft/brunonisdebellos00brunuoft_0056.png"; bbox 0 0 2204 3765; ppageno 0'>
   <div class='ocr_carea' id='block_1_1' title="bbox 251 73 1638 118">
    <p class='ocr_par' dir='ltr' id='par_1_1' title="bbox 251 73 1638 118">
     <span class='ocr_line' id='line_1_1' title="bbox 251 73 1638 118; baseline -0.004 0"><span class='ocrx_word' id='word_1_1' title='bbox 251 81 307 118; x_wconf 76' lang='lat'><em>44</em></span> <span class='ocrx_word' id='word_1_2' title='bbox 753 77 951 117; x_wconf 87' lang='lat' dir='ltr'>BRUNO</span> <span class='ocrx_word' id='word_1_3' title='bbox 984 76 1064 115; x_wconf 88' lang='lat' dir='ltr'><em>DE</em></span> <span class='ocrx_word' id='word_1_4' title='bbox 1099 73 1294 114; x_wconf 89' lang='lat' dir='ltr'><strong>BELLO</strong></span> <span class='ocrx_word' id='word_1_5' title='bbox 1330 73 1638 113; x_wconf 86' lang='lat' dir='ltr'><strong>SAXONICO.</strong></span> 
     </span>
    </p>
   </div>
   <div class='ocr_carea' id='block_1_2' title="bbox 66 204 2102 292">
    <p class='ocr_par' dir='ltr' id='par_1_2' title="bbox 66 204 2102 292">
     <span class='ocr_line' id='line_1_2' title="bbox 66 204 2102 292; baseline 0.012 -51"><span class='ocrx_word' id='word_1_6' title='bbox 66 204 515 292; x_wconf 30' lang='lat' dir='ltr'><em>*plgggifawrem’</em></span> <span class='ocrx_word' id='word_1_7' title='bbox 550 215 752 283; x_wconf 62' lang='lat' dir='ltr'><em>favore</em></span> <span class='ocrx_word' id='word_1_8' title='bbox 773 213 1020 281; x_wconf 74' lang='lat' dir='ltr'><em>ferrum,</em></span> <span class='ocrx_word' id='word_1_9' title='bbox 1053 213 1215 280; x_wconf 80' lang='lat' dir='ltr'><em>ferro</em></span> <span class='ocrx_word' id='word_1_10' title='bbox 1266 211 1437 262; x_wconf 82' lang='lat' dir='ltr'><em>sedem</em></span> <span class='ocrx_word' id='word_1_11' title='bbox 1483 213 1667 279; x_wconf 87' lang='lat' dir='ltr'><em>*pacis</em></span> <span class='ocrx_word' id='word_1_12' title='bbox 1706 211 1901 276; x_wconf 89' lang='lat' dir='ltr'><em>adisti,</em></span> <span class='ocrx_word' id='word_1_13' title='bbox 1951 219 1997 263; x_wconf 90' lang='lat' dir='ltr'><em>et</em></span> <span class='ocrx_word' id='word_1_14' title='bbox 2039 212 2102 264; x_wconf 89' lang='lat' dir='ltr'><em>de</em></span> 
     </span>
    </p>
   </div>
   <div class='ocr_carea' id='block_1_3' title="bbox 82 280 2169 1529">
    <p class='ocr_par' dir='ltr' id='par_1_3' title="bbox 251 280 2169 558">
     <span class='ocr_line' id='line_1_3' title="bbox 251 280 2169 353; baseline -0.002 -18"><span class='ocrx_word' id='word_1_15' title='bbox 251 285 371 335; x_wconf 86' lang='lat' dir='ltr'><em>sede</em></span> <span class='ocrx_word' id='word_1_16' title='bbox 387 286 552 353; x_wconf 82' lang='lat' dir='ltr'><em>pacis</em></span> <span class='ocrx_word' id='word_1_17' title='bbox 570 302 762 351; x_wconf 82' lang='lat' dir='ltr'><em>pacem</em></span> <span class='ocrx_word' id='word_1_18' title='bbox 790 282 1035 346; x_wconf 77' lang='lat' dir='ltr'><em>turbasti,</em></span> <span class='ocrx_word' id='word_1_19' title='bbox 1064 282 1191 332; x_wconf 91' lang='lat' dir='ltr'><em>dum</em></span> <span class='ocrx_word' id='word_1_20' title='bbox 1211 281 1447 331; x_wconf 81' lang='lat' dir='ltr'><em>subditos</em></span> <span class='ocrx_word' id='word_1_21' title='bbox 1475 282 1534 330; x_wconf 89' lang='lat' dir='ltr'><em>in</em></span> <span class='ocrx_word' id='word_1_22' title='bbox 1552 280 1835 347; x_wconf 80' lang='lat' dir='ltr'><em>praelatos</em></span> <span class='ocrx_word' id='word_1_23' title='bbox 1858 283 2103 347; x_wconf 91' lang='lat' dir='ltr'><em>armasti,</em></span> <span class='ocrx_word' id='word_1_24' title='bbox 2156 286 2169 290; x_wconf 67' lang='grc'><strong>”</strong></span> 
     </span>
     <span class='ocr_line' id='line_1_4' title="bbox 253 351 2100 421; baseline -0.002 -18"><span class='ocrx_word' id='word_1_25' title='bbox 253 354 380 404; x_wconf 78' lang='lat' dir='ltr'><em>dum</em></span> <span class='ocrx_word' id='word_1_26' title='bbox 407 355 684 421; x_wconf 81' lang='lat' dir='ltr'><em>episcopos</em></span> <span class='ocrx_word' id='word_1_27' title='bbox 710 359 939 415; x_wconf 82' lang='lat' dir='ltr'><em>nostros,</em></span> <span class='ocrx_word' id='word_1_28' title='bbox 980 370 1014 401; x_wconf 93' lang='lat' dir='ltr'><em>a</em></span> <span class='ocrx_word' id='word_1_29' title='bbox 1039 351 1153 402; x_wconf 87' lang='lat' dir='ltr'><em>Deo</em></span> <span class='ocrx_word' id='word_1_30' title='bbox 1179 357 1406 413; x_wconf 79' lang='lat' dir='ltr'><em>vocatos,</em></span> <span class='ocrx_word' id='word_1_31' title='bbox 1446 356 1520 413; x_wconf 85' lang='lat' dir='ltr'><em>tu,</em></span> <span class='ocrx_word' id='word_1_32' title='bbox 1559 368 1666 400; x_wconf 87' lang='lat' dir='ltr'><em>non</em></span> <span class='ocrx_word' id='word_1_33' title='bbox 1692 357 1926 414; x_wconf 84' lang='lat' dir='ltr'><em>vocatus,</em></span> <span class='ocrx_word' id='word_1_34' title='bbox 1956 368 2100 418; x_wconf 88' lang='lat' dir='ltr'><em>sper-</em></span> 
     </span>
     <span class='ocr_line' id='line_1_5' title="bbox 256 419 2104 486; baseline -0.001 -14"><span class='ocrx_word' id='word_1_35' title='bbox 256 423 456 473; x_wconf 90' lang='lat' dir='ltr'><em>nendos</em></span> <span class='ocrx_word' id='word_1_36' title='bbox 496 422 744 485; x_wconf 81' lang='lat' dir='ltr'><em>docuisti,</em></span> <span class='ocrx_word' id='word_1_37' title='bbox 782 422 909 471; x_wconf 76' lang='lat' dir='ltr'><em>dum</em></span> <span class='ocrx_word' id='word_1_38' title='bbox 946 419 1105 471; x_wconf 80' lang='lat' dir='ltr'><em>laicis</em></span> <span class='ocrx_word' id='word_1_39' title='bbox 1142 420 1501 470; x_wconf 81' lang='lat' dir='ltr'><em>ministerium</em></span> <span class='ocrx_word' id='word_1_40' title='bbox 1529 437 1709 469; x_wconf 90' lang='lat' dir='ltr'><em>eorum</em></span> <span class='ocrx_word' id='word_1_41' title='bbox 1734 437 1898 486; x_wconf 84' lang='lat' dir='ltr'><em>super</em></span> <span class='ocrx_word' id='word_1_42' title='bbox 1928 437 2104 470; x_wconf 85' lang='lat' dir='ltr'><em>sacer-</em></span> 
     </span>
     <span class='ocr_line' id='line_1_6' title="bbox 253 487 2105 558; baseline -0.002 -15"><span class='ocrx_word' id='word_1_43' title='bbox 253 493 397 543; x_wconf 86' lang='lat' dir='ltr'><em>dotes</em></span> <span class='ocrx_word' id='word_1_44' title='bbox 436 491 737 558; x_wconf 76' lang='lat' dir='ltr'><em>usurpasti,</em></span> <span class='ocrx_word' id='word_1_45' title='bbox 782 497 834 539; x_wconf 79' lang='lat' dir='ltr'><em>ut</em></span> <span class='ocrx_word' id='word_1_46' title='bbox 863 491 972 557; x_wconf 79' lang='lat' dir='ltr'><em>ipsi</em></span> <span class='ocrx_word' id='word_1_47' title='bbox 997 490 1272 558; x_wconf 74' lang='lat' dir='ltr'><em>deponant</em></span> <span class='ocrx_word' id='word_1_48' title='bbox 1298 487 1376 538; x_wconf 80' lang='lat' dir='ltr'><em>vel</em></span> <span class='ocrx_word' id='word_1_49' title='bbox 1402 487 1748 538; x_wconf 74' lang='lat' dir='ltr'><em>condemnent</em></span> <span class='ocrx_word' id='word_1_50' title='bbox 1762 495 1798 551; x_wconf 75' lang='lat'><em>³,</em></span> <span class='ocrx_word' id='word_1_51' title='bbox 1839 489 1933 557; x_wconf 79' lang='lat' dir='ltr'><em>qui</em></span> <span class='ocrx_word' id='word_1_52' title='bbox 1959 490 2105 556; x_wconf 86' lang='lat' dir='ltr'><em>ipsos</em></span> 
     </span>
    </p>

    <p class='ocr_par' dir='ltr' id='par_1_4' title="bbox 245 558 2119 1112">
     <span class='ocr_line' id='line_1_7' title="bbox 255 558 2107 626; baseline -0.002 -15"><span class='ocrx_word' id='word_1_53' title='bbox 255 580 288 611; x_wconf 91' lang='lat' dir='ltr'><em>a</em></span> <span class='ocrx_word' id='word_1_54' title='bbox 341 579 508 609; x_wconf 80' lang='lat' dir='ltr'><em>manu</em></span> <span class='ocrx_word' id='word_1_55' title='bbox 561 560 787 610; x_wconf 77' lang='lat' dir='ltr'><em>Domini</em></span> <span class='ocrx_word' id='word_1_56' title='bbox 831 578 934 626; x_wconf 79' lang='lat' dir='ltr'><em>per</em></span> <span class='ocrx_word' id='word_1_57' title='bbox 981 559 1374 626; x_wconf 74' lang='lat' dir='ltr'><em>impositionem</em></span> <span class='ocrx_word' id='word_1_58' title='bbox 1422 576 1685 607; x_wconf 88' lang='lat' dir='ltr'><em>manuum</em></span> <span class='ocrx_word' id='word_1_59' title='bbox 1734 558 2107 625; x_wconf 75' lang='lat' dir='ltr'><em>episcoporum</em></span> 
     </span>
     <span class='ocr_line' id='line_1_8' title="bbox 255 626 2109 696; baseline -0.002 -16"><span class='ocrx_word' id='word_1_60' title='bbox 255 628 554 680; x_wconf 82' lang='lat' dir='ltr'><em>docendosb</em></span> <span class='ocrx_word' id='word_1_61' title='bbox 594 636 923 695; x_wconf 80' lang='lat' dir='ltr'><em>acceperant.</em></span> <span class='ocrx_word' id='word_1_62' title='bbox 986 629 1072 678; x_wconf 76' lang='lat' dir='ltr'><em>Me</em></span> <span class='ocrx_word' id='word_1_63' title='bbox 1108 646 1329 696; x_wconf 76' lang='lat' dir='ltr'><em>quoque,</em></span> <span class='ocrx_word' id='word_1_64' title='bbox 1370 627 1497 694; x_wconf 79' lang='lat' dir='ltr'><em>quic</em></span> <span class='ocrx_word' id='word_1_65' title='bbox 1532 626 1651 677; x_wconf 82' lang='lat' dir='ltr'><em>Zicet</em></span> <span class='ocrx_word' id='word_1_66' title='bbox 1675 627 1943 695; x_wconf 60' lang='lat' dir='ltr'><em>indignus</em></span> <span class='ocrx_word' id='word_1_67' title='bbox 1965 629 2109 679; x_wconf 88' lang='lat' dir='ltr'><em>inter</em></span> 
     </span>
     <span class='ocr_line' id='line_1_9' title="bbox 255 696 2108 766; baseline -0.001 -18"><span class='ocrx_word' id='word_1_68' title='bbox 255 699 482 748; x_wconf 77' lang='lat' dir='ltr'><em>christos</em></span> <span class='ocrx_word' id='word_1_69' title='bbox 529 697 603 746; x_wconf 90' lang='lat' dir='ltr'><em>ad</em></span> <span class='ocrx_word' id='word_1_70' title='bbox 640 716 867 766; x_wconf 61' lang='lat' dir='ltr'><em>regnum</em></span> <span class='ocrx_word' id='word_1_71' title='bbox 913 715 1029 747; x_wconf 87' lang='lat' dir='ltr'><em>sum</em></span> <span class='ocrx_word' id='word_1_72' title='bbox 1066 704 1260 747; x_wconf 84' lang='lat' dir='ltr'><em>unctus</em></span> <span class='ocrx_word' id='word_1_73' title='bbox 1298 696 1546 764; x_wconf 67' lang='lat' dir='ltr'><em>tetiyisti,</em></span> <span class='ocrx_word' id='word_1_74' title='bbox 1600 714 1751 764; x_wconf 78' lang='lat' dir='ltr'><em>quem</em></span> <span class='ocrx_word' id='word_1_75' title='bbox 1796 703 2108 747; x_wconf 87' lang='lat' dir='ltr'><em>sanctorum</em></span> 
     </span>
     <span class='ocr_line' id='line_1_10' title="bbox 245 765 2109 834; baseline 0.001 -18"><span class='ocrx_word' id='word_1_76' title='bbox 245 774 473 834; x_wconf 79' lang='lat' dir='ltr'><em>patrum</em></span> <span class='ocrx_word' id='word_1_77' title='bbox 509 765 734 816; x_wconf 81' lang='lat' dir='ltr'><em>traditio</em></span> <span class='ocrx_word' id='word_1_78' title='bbox 774 766 873 817; x_wconf 78' lang='lat' dir='ltr'><em>soli</em></span> <span class='ocrx_word' id='word_1_79' title='bbox 898 766 1011 817; x_wconf 90' lang='lat' dir='ltr'><em>Deo</em></span> <span class='ocrx_word' id='word_1_80' title='bbox 1041 766 1401 817; x_wconf 81' lang='lat' dir='ltr'><em>iudicandum</em></span> <span class='ocrx_word' id='word_1_81' title='bbox 1434 766 1630 830; x_wconf 85' lang='lat' dir='ltr'><em>docuit,</em></span> <span class='ocrx_word' id='word_1_82' title='bbox 1669 783 1763 815; x_wconf 88' lang='lat' dir='ltr'><em>nec</em></span> <span class='ocrx_word' id='word_1_83' title='bbox 1791 783 1896 833; x_wconf 85' lang='lat' dir='ltr'><em>pro</em></span> <span class='ocrx_word' id='word_1_84' title='bbox 1925 765 2109 834; x_wconf 75' lang='lat' dir='ltr'><em>aliquo</em></span> 
     </span>
     <span class='ocr_line' id='line_1_11' title="bbox 255 835 2108 903; baseline 0 -17"><span class='ocrx_word' id='word_1_85' title='bbox 255 837 496 899; x_wconf 76' lang='lat' dir='ltr'><em>crimine,</em></span> <span class='ocrx_word' id='word_1_86' title='bbox 544 836 655 885; x_wconf 80' lang='lat' dir='ltr'><em>nisi</em></span> <span class='ocrx_word' id='word_1_87' title='bbox 694 855 727 885; x_wconf 92' lang='lat' dir='ltr'><em>a</em></span> <span class='ocrx_word' id='word_1_88' title='bbox 751 835 883 901; x_wconf 79' lang='lat' dir='ltr'><em>fide,</em></span> <span class='ocrx_word' id='word_1_89' title='bbox 932 835 1077 903; x_wconf 76' lang='lat' dir='ltr'><em>quod</em></span> <span class='ocrx_word' id='word_1_90' title='bbox 1114 835 1269 896; x_wconf 82' lang='lat' dir='ltr'><em>absit,</em></span> <span class='ocrx_word' id='word_1_91' title='bbox 1307 835 1799 900; x_wconf 70' lang='lat' dir='ltr'><em>exorbitaverimus,</em></span> <span class='ocrx_word' id='word_1_92' title='bbox 1845 835 2108 902; x_wconf 81' lang='lat' dir='ltr'><em>deponcn-</em></span> 
     </span>
     <span class='ocr_line' id='line_1_12' title="bbox 254 904 2109 972; baseline 0 -16"><span class='ocrx_word' id='word_1_93' title='bbox 254 906 377 956; x_wconf 80' lang='lat' dir='ltr'><em>dum</em></span> <span class='ocrx_word' id='word_1_94' title='bbox 433 907 690 969; x_wconf 82' lang='lat' dir='ltr'><em>asseruit,</em></span> <span class='ocrx_word' id='word_1_95' title='bbox 748 923 866 954; x_wconf 80' lang='lat' dir='ltr'><em>cum</em></span> <span class='ocrx_word' id='word_1_96' title='bbox 917 906 1076 955; x_wconf 87' lang='lat' dir='ltr'><em>etiam</em></span> <span class='ocrx_word' id='word_1_97' title='bbox 1122 904 1405 956; x_wconf 79' lang='lat' dir='ltr'><em>Iulianum</em></span> <span class='ocrx_word' id='word_1_98' title='bbox 1457 911 1763 972; x_wconf 81' lang='lat' dir='ltr'><em>apostatam</em></span> <span class='ocrx_word' id='word_1_99' title='bbox 1803 904 2109 972; x_wconf 79' lang='lat' dir='ltr'><em>prudentia</em></span> 
     </span>
     <span class='ocr_line' id='line_1_13' title="bbox 255 973 2110 1041; baseline 0 -16"><span class='ocrx_word' id='word_1_100' title='bbox 255 982 563 1025; x_wconf 77' lang='lat' dir='ltr'><em>sanctoruni</em></span> <span class='ocrx_word' id='word_1_101' title='bbox 611 976 985 1041; x_wconf 86' lang='lat' dir='ltr'><em>episcoporum</em></span> <span class='ocrx_word' id='word_1_102' title='bbox 1035 993 1143 1025; x_wconf 89' lang='lat' dir='ltr'><em>non</em></span> <span class='ocrx_word' id='word_1_103' title='bbox 1188 974 1293 1024; x_wconf 83' lang='lat' dir='ltr'><em>sibi</em></span> <span class='ocrx_word' id='word_1_104' title='bbox 1330 974 1420 1024; x_wconf 91' lang='lat' dir='ltr'><em>sed</em></span> <span class='ocrx_word' id='word_1_105' title='bbox 1456 973 1557 1025; x_wconf 77' lang='lat' dir='ltr'><em>soli</em></span> <span class='ocrx_word' id='word_1_106' title='bbox 1593 973 1707 1024; x_wconf 89' lang='lat' dir='ltr'><em>Deo</em></span> <span class='ocrx_word' id='word_1_107' title='bbox 1746 973 2110 1025; x_wconf 86' lang='lat' dir='ltr'><em>iudicandum</em></span> 
     </span>
     <span class='ocr_line' id='line_1_14' title="bbox 257 1042 2119 1112; baseline 0.001 -18"><span class='ocrx_word' id='word_1_108' title='bbox 257 1043 733 1112; x_wconf 82' lang='lat' dir='ltr'><em>deponendumque</em></span> <span class='ocrx_word' id='word_1_109' title='bbox 760 1044 1095 1094; x_wconf 75' lang='lat' dir='ltr'><em>commiserit.</em></span> <span class='ocrx_word' id='word_1_110' title='bbox 1157 1043 1310 1111; x_wconf 76' lang='lat' dir='ltr'><em>Ipsed</em></span> <span class='ocrx_word' id='word_1_111' title='bbox 1349 1061 1504 1094; x_wconf 85' lang='lat' dir='ltr'><em>verus</em></span> <span class='ocrx_word' id='word_1_112' title='bbox 1521 1061 1684 1110; x_wconf 83' lang='lat' dir='ltr'><em>papa</em></span> <span class='ocrx_word' id='word_1_113' title='bbox 1709 1043 1892 1094; x_wconf 81' lang='lat' dir='ltr'><em>beatus</em></span> <span class='ocrx_word' id='word_1_114' title='bbox 1920 1042 2119 1102; x_wconf 26' lang='lat' dir='ltr'><em>Petrus,</em></span> 
     </span>
    </p>

    <p class='ocr_par' dir='ltr' id='par_1_5' title="bbox 82 1113 2112 1390">
     <span class='ocr_line' id='line_1_15' title="bbox 82 1113 2110 1182; baseline 0 -20"><span class='ocrx_word' id='word_1_115' title='bbox 82 1131 112 1162; x_wconf 81' lang='lat'><em>1.</em></span> <span class='ocrx_word' id='word_1_116' title='bbox 146 1131 236 1161; x_wconf 70' lang='lat' dir='ltr'><em>Perr.</em></span> <span class='ocrx_word' id='word_1_117' title='bbox 255 1113 481 1164; x_wconf 82' lang='lat' dir='ltr'><em>clamat:</em></span> <span class='ocrx_word' id='word_1_118' title='bbox 521 1113 713 1164; x_wconf 64' lang='lat' dir='ltr'><em>‘Deum</em></span> <span class='ocrx_word' id='word_1_119' title='bbox 752 1115 938 1177; x_wconf 80' lang='lat' dir='ltr'><em>timete,</em></span> <span class='ocrx_word' id='word_1_120' title='bbox 980 1132 1150 1182; x_wconf 67' lang='lat' dir='ltr'><em>reyem</em></span> <span class='ocrx_word' id='word_1_121' title='bbox 1189 1113 1569 1178; x_wconf 78' lang='lat' dir='ltr'><em>honorificate.’</em></span> <span class='ocrx_word' id='word_1_122' title='bbox 1663 1114 1743 1163; x_wconf 82' lang='lat' dir='ltr'><em>Tu</em></span> <span class='ocrx_word' id='word_1_123' title='bbox 1777 1120 1951 1164; x_wconf 90' lang='lat' dir='ltr'><em>autem</em></span> <span class='ocrx_word' id='word_1_124' title='bbox 1977 1114 2110 1181; x_wconf 78' lang='lat' dir='ltr'><em>quia</em></span> 
     </span>
     <span class='ocr_line' id='line_1_16' title="bbox 113 1181 2112 1245; baseline 0.001 -13"><span class='ocrx_word' id='word_1_125' title='bbox 113 1183 144 1221; x_wconf 67' lang='lat'><em>‘²³</em></span> <span class='ocrx_word' id='word_1_126' title='bbox 178 1181 233 1212; x_wconf 82' lang='lat'><em>¹⁷·</em></span> <span class='ocrx_word' id='word_1_127' title='bbox 255 1183 430 1234; x_wconf 83' lang='lat' dir='ltr'><em>Deum</em></span> <span class='ocrx_word' id='word_1_128' title='bbox 482 1201 589 1233; x_wconf 93' lang='lat' dir='ltr'><em>non</em></span> <span class='ocrx_word' id='word_1_129' title='bbox 639 1185 815 1245; x_wconf 88' lang='lat' dir='ltr'><em>times,</em></span> <span class='ocrx_word' id='word_1_130' title='bbox 873 1202 951 1233; x_wconf 83' lang='lat' dir='ltr'><em>me</em></span> <span class='ocrx_word' id='word_1_131' title='bbox 1002 1184 1345 1234; x_wconf 81' lang='lat' dir='ltr'><em>constitutum</em></span> <span class='ocrx_word' id='word_1_132' title='bbox 1394 1183 1508 1232; x_wconf 86' lang='lat' dir='ltr'><em>eius</em></span> <span class='ocrx_word' id='word_1_133' title='bbox 1558 1183 1875 1233; x_wconf 72' lang='lat' dir='ltr'><em>inhonoras.</em></span> <span class='ocrx_word' id='word_1_134' title='bbox 1960 1182 2112 1234; x_wconf 82' lang='lat' dir='ltr'><em>Unde</em></span> 
     </span>
     <span class='ocr_line' id='line_1_17' title="bbox 255 1251 2108 1321; baseline -0.001 -17"><span class='ocrx_word' id='word_1_135' title='bbox 255 1253 438 1304; x_wconf 79' lang='lat' dir='ltr'><em>beatus</em></span> <span class='ocrx_word' id='word_1_136' title='bbox 476 1251 706 1315; x_wconf 78' lang='lat' dir='ltr'><em>Paulus,</em></span> <span class='ocrx_word' id='word_1_137' title='bbox 758 1253 851 1303; x_wconf 82' lang='lat' dir='ltr'><em>ubi</em></span> <span class='ocrx_word' id='word_1_138' title='bbox 891 1253 1081 1321; x_wconf 62' lang='lat' dir='ltr'><em>angelo</em></span> <span class='ocrx_word' id='word_1_139' title='bbox 1131 1252 1193 1302; x_wconf 90' lang='lat' dir='ltr'><em>de</em></span> <span class='ocrx_word' id='word_1_140' title='bbox 1238 1252 1402 1314; x_wconf 80' lang='lat' dir='ltr'><em>coelo,</em></span> <span class='ocrx_word' id='word_1_141' title='bbox 1455 1253 1504 1302; x_wconf 89' lang='lat' dir='ltr'><em>si</em></span> <span class='ocrx_word' id='word_1_142' title='bbox 1532 1251 1939 1319; x_wconf 74' lang='lat' dir='ltr'><em>praedicaverit</em></span> <span class='ocrx_word' id='word_1_143' title='bbox 1977 1251 2108 1314; x_wconf 80' lang='lat' dir='ltr'><em>alia,</em></span> 
     </span>
     <span class='ocr_line' id='line_1_18' title="bbox 254 1320 2111 1390; baseline 0.001 -19"><span class='ocrx_word' id='word_1_144' title='bbox 254 1341 363 1373; x_wconf 90' lang='lat' dir='ltr'><em>non</em></span> <span class='ocrx_word' id='word_1_145' title='bbox 393 1323 655 1390; x_wconf 72' lang='lat' dir='ltr'><em>pepercit,</em></span> <span class='ocrx_word' id='word_1_146' title='bbox 694 1329 738 1372; x_wconf 88' lang='lat' dir='ltr'><em>te</em></span> <span class='ocrx_word' id='word_1_147' title='bbox 778 1341 981 1390; x_wconf 74' lang='lat' dir='ltr'><em>quoque</em></span> <span class='ocrx_word' id='word_1_148' title='bbox 1020 1323 1079 1372; x_wconf 88' lang='lat' dir='ltr'><em>in</em></span> <span class='ocrx_word' id='word_1_149' title='bbox 1116 1322 1277 1371; x_wconf 85' lang='lat' dir='ltr'><em>terris</em></span> <span class='ocrx_word' id='word_1_150' title='bbox 1318 1320 1433 1371; x_wconf 76' lang='lat' dir='ltr'><em>alia</em></span> <span class='ocrx_word' id='word_1_151' title='bbox 1461 1321 1728 1371; x_wconf 88' lang='lat' dir='ltr'><em>docentem</em></span> <span class='ocrx_word' id='word_1_152' title='bbox 1754 1339 1862 1371; x_wconf 91' lang='lat' dir='ltr'><em>non</em></span> <span class='ocrx_word' id='word_1_153' title='bbox 1887 1323 2111 1388; x_wconf 75' lang='lat' dir='ltr'><em>eaecepit.</em></span> 
     </span>
    </p>

    <p class='ocr_par' dir='ltr' id='par_1_6' title="bbox 138 1389 2165 1529">
     <span class='ocr_line' id='line_1_19' title="bbox 153 1389 2110 1458; baseline 0.001 -17"><span class='ocrx_word' id='word_1_154' title='bbox 153 1411 232 1441; x_wconf 61' lang='lat' dir='ltr'><em>aaz.</em></span> <span class='ocrx_word' id='word_1_155' title='bbox 255 1391 349 1441; x_wconf 86' lang='lat' dir='ltr'><em>Ait</em></span> <span class='ocrx_word' id='word_1_156' title='bbox 397 1392 569 1441; x_wconf 73' lang='lat' dir='ltr'><em>enini:</em></span> <span class='ocrx_word' id='word_1_157' title='bbox 646 1391 727 1441; x_wconf 81' lang='lat' dir='ltr'><em>‘Si</em></span> <span class='ocrx_word' id='word_1_158' title='bbox 781 1393 930 1458; x_wconf 82' lang='lat' dir='ltr'><em>quis,</em></span> <span class='ocrx_word' id='word_1_159' title='bbox 982 1391 1060 1441; x_wconf 78' lang='lat' dir='ltr'><em>vel</em></span> <span class='ocrx_word' id='word_1_160' title='bbox 1111 1409 1231 1458; x_wconf 67' lang='lat' dir='ltr'><em>eqo,</em></span> <span class='ocrx_word' id='word_1_161' title='bbox 1280 1389 1360 1441; x_wconf 81' lang='lat' dir='ltr'><em>vel</em></span> <span class='ocrx_word' id='word_1_162' title='bbox 1414 1392 1574 1440; x_wconf 86' lang='lat' dir='ltr'><em>etiam</em></span> <span class='ocrx_word' id='word_1_163' title='bbox 1625 1389 1853 1458; x_wconf 67' lang='lat' dir='ltr'><em>anyelus</em></span> <span class='ocrx_word' id='word_1_164' title='bbox 1890 1408 1914 1440; x_wconf 84' lang='lat' dir='ltr'><em>e</em></span> <span class='ocrx_word' id='word_1_165' title='bbox 1953 1389 2110 1457; x_wconf 81' lang='lat' dir='ltr'><em>coelo,</em></span> 
     </span>
     <span class='ocr_line' id='line_1_20' title="bbox 138 1459 2165 1529; baseline 0.001 -19"><span class='ocrx_word' id='word_1_166' title='bbox 138 1462 170 1500; x_wconf 64' lang='lat'><em>¹2</em></span> <span class='ocrx_word' id='word_1_167' title='bbox 202 1461 234 1492; x_wconf 75' lang='lat'><em>3·</em></span> <span class='ocrx_word' id='word_1_168' title='bbox 244 1467 469 1528; x_wconf 79' lang='lat' dir='ltr'><em>praeter</em></span> <span class='ocrx_word' id='word_1_169' title='bbox 510 1460 566 1510; x_wconf 89' lang='lat' dir='ltr'><em>id</em></span> <span class='ocrx_word' id='word_1_170' title='bbox 605 1460 748 1527; x_wconf 77' lang='lat' dir='ltr'><em>quod</em></span> <span class='ocrx_word' id='word_1_171' title='bbox 774 1460 1267 1529; x_wconf 63' lang='lat' dir='ltr'><em>euangelizavimus</em></span> <span class='ocrx_word' id='word_1_172' title='bbox 1300 1460 1442 1511; x_wconf 80' lang='lat' dir='ltr'><em>vobis</em></span> <span class='ocrx_word' id='word_1_173' title='bbox 1468 1459 1938 1527; x_wconf 66' lang='lat' dir='ltr'><em>euanyelizaverit,</em></span> <span class='ocrx_word' id='word_1_174' title='bbox 1977 1479 2112 1512; x_wconf 83' lang='lat' dir='ltr'><em>ana·</em></span> <span class='ocrx_word' id='word_1_175' title='bbox 2161 1487 2165 1493; x_wconf 51' lang='grc'><strong>«</strong></span> 
     </span>
    </p>
   </div>
   <div class='ocr_carea' id='block_1_4' title="bbox 254 1530 2204 1599">
    <p class='ocr_par' dir='ltr' id='par_1_7' title="bbox 254 1530 2204 1599">
     <span class='ocr_line' id='line_1_21' title="bbox 254 1530 2204 1599; baseline 0.001 -20"><span class='ocrx_word' id='word_1_176' title='bbox 254 1531 429 1580; x_wconf 78' lang='lat' dir='ltr'><em>thema</em></span> <span class='ocrx_word' id='word_1_177' title='bbox 466 1531 566 1579; x_wconf 67' lang='lat' dir='ltr'><em>sit!</em></span> <span class='ocrx_word' id='word_1_178' title='bbox 654 1531 734 1580; x_wconf 89' lang='lat' dir='ltr'><em>Tu</em></span> <span class='ocrx_word' id='word_1_179' title='bbox 772 1549 895 1599; x_wconf 65' lang='lat' dir='ltr'><em>erqo</em></span> <span class='ocrx_word' id='word_1_180' title='bbox 926 1531 1019 1581; x_wconf 76' lang='lat' dir='ltr'><em>hoc</em></span> <span class='ocrx_word' id='word_1_181' title='bbox 1049 1530 1382 1581; x_wconf 76' lang='lat' dir='ltr'><em>anathemate</em></span> <span class='ocrx_word' id='word_1_182' title='bbox 1409 1537 1455 1578; x_wconf 88' lang='lat' dir='ltr'><em>et</em></span> <span class='ocrx_word' id='word_1_183' title='bbox 1481 1530 1718 1580; x_wconf 87' lang='lat' dir='ltr'><em>omnium</em></span> <span class='ocrx_word' id='word_1_184' title='bbox 1744 1530 2114 1597; x_wconf 78' lang='lat' dir='ltr'><em>episcoporum</em></span> <span class='ocrx_word' id='word_1_185' title='bbox 2159 1544 2164 1547; x_wconf 84' lang='grc'>’</span> <span class='ocrx_word' id='word_1_186' title='bbox 2203 1550 2204 1560; x_wconf 64' lang='grc'>’</span> 
     </span>
    </p>
   </div>
   <div class='ocr_carea' id='block_1_5' title="bbox 255 1594 2187 3062">
    <p class='ocr_par' dir='ltr' id='par_1_8' title="bbox 255 1594 2183 2006">
     <span class='ocr_line' id='line_1_22' title="bbox 259 1594 2183 1664; baseline 0.001 -15"><span class='ocrx_word' id='word_1_187' title='bbox 259 1607 563 1651; x_wconf 84' lang='lat' dir='ltr'><em>nostrorum</em></span> <span class='ocrx_word' id='word_1_188' title='bbox 598 1600 805 1651; x_wconf 82' lang='lat' dir='ltr'><em>iudicio</em></span> <span class='ocrx_word' id='word_1_189' title='bbox 845 1607 891 1650; x_wconf 91' lang='lat' dir='ltr'><em>et</em></span> <span class='ocrx_word' id='word_1_190' title='bbox 926 1607 1108 1651; x_wconf 88' lang='lat' dir='ltr'><em>nostro</em></span> <span class='ocrx_word' id='word_1_191' title='bbox 1147 1600 1442 1651; x_wconf 89' lang='lat' dir='ltr'><em>damnatus</em></span> <span class='ocrx_word' id='word_1_192' title='bbox 1470 1598 1741 1664; x_wconf 86' lang='lat' dir='ltr'><em>descende,</em></span> <span class='ocrx_word' id='word_1_193' title='bbox 1778 1599 2114 1651; x_wconf 81' lang='lat' dir='ltr'><em>vindicatam</em></span> <span class='ocrx_word' id='word_1_194' title='bbox 2159 1594 2183 1615; x_wconf 58' lang='lat'><em>⁷</em></span> 
     </span>
     <span class='ocr_line' id='line_1_23' title="bbox 257 1667 2116 1738; baseline 0 -18"><span class='ocrx_word' id='word_1_195' title='bbox 257 1670 428 1720; x_wconf 82' lang='lat' dir='ltr'><em>sedem</em></span> <span class='ocrx_word' id='word_1_196' title='bbox 479 1668 831 1736; x_wconf 79' lang='lat' dir='ltr'><em>apostolicam</em></span> <span class='ocrx_word' id='word_1_197' title='bbox 877 1669 1151 1738; x_wconf 73' lang='lat' dir='ltr'><em>relinque!</em></span> <span class='ocrx_word' id='word_1_198' title='bbox 1225 1667 1383 1719; x_wconf 78' lang='lat' dir='ltr'><em>Alius</em></span> <span class='ocrx_word' id='word_1_199' title='bbox 1421 1670 1481 1719; x_wconf 89' lang='lat' dir='ltr'><em>in</em></span> <span class='ocrx_word' id='word_1_200' title='bbox 1521 1669 1746 1720; x_wconf 77' lang='lat' dir='ltr'><em>soliume</em></span> <span class='ocrx_word' id='word_1_201' title='bbox 1791 1669 1931 1720; x_wconf 83' lang='lat' dir='ltr'><em>beati</em></span> <span class='ocrx_word' id='word_1_202' title='bbox 1965 1669 2116 1720; x_wconf 90' lang='lat' dir='ltr'><em>Petri</em></span> 
     </span>
     <span class='ocr_line' id='line_1_24' title="bbox 259 1738 2115 1808; baseline 0.001 -19"><span class='ocrx_word' id='word_1_203' title='bbox 259 1739 542 1802; x_wconf 87' lang='lat' dir='ltr'><em>ascendat,</em></span> <span class='ocrx_word' id='word_1_204' title='bbox 593 1742 687 1806; x_wconf 74' lang='lat' dir='ltr'><em>qui</em></span> <span class='ocrx_word' id='word_1_205' title='bbox 725 1738 881 1790; x_wconf 77' lang='lat' dir='ltr'><em>nulla</em></span> <span class='ocrx_word' id='word_1_206' title='bbox 919 1738 1260 1791; x_wconf 80' lang='lat' dir='ltr'><em>violentiamf</em></span> <span class='ocrx_word' id='word_1_207' title='bbox 1296 1738 1556 1808; x_wconf 67' lang='lat' dir='ltr'><em>retiyione</em></span> <span class='ocrx_word' id='word_1_208' title='bbox 1594 1738 1804 1806; x_wconf 75' lang='lat' dir='ltr'><em>palliet,</em></span> <span class='ocrx_word' id='word_1_209' title='bbox 1844 1739 1938 1789; x_wconf 84' lang='lat' dir='ltr'><em>scd</em></span> <span class='ocrx_word' id='word_1_210' title='bbox 1973 1739 2115 1790; x_wconf 79' lang='lat' dir='ltr'><em>beati</em></span> 
     </span>
     <span class='ocr_line' id='line_1_25' title="bbox 255 1807 2116 1878; baseline 0.001 -20"><span class='ocrx_word' id='word_1_211' title='bbox 255 1809 401 1860; x_wconf 82' lang='lat' dir='ltr'><em>Petri</em></span> <span class='ocrx_word' id='word_1_212' title='bbox 437 1827 632 1859; x_wconf 88' lang='lat' dir='ltr'><em>sanam</em></span> <span class='ocrx_word' id='word_1_213' title='bbox 670 1809 974 1860; x_wconf 88' lang='lat' dir='ltr'><em>doctrinam</em></span> <span class='ocrx_word' id='word_1_214' title='bbox 1012 1810 1213 1860; x_wconf 80' lang='lat' dir='ltr'><em>doceat,</em></span> <span class='ocrx_word' id='word_1_215' title='bbox 1274 1808 1394 1878; x_wconf 67' lang='lat' dir='ltr'><em>Eyo</em></span> <span class='ocrx_word' id='word_1_216' title='bbox 1433 1809 1609 1859; x_wconf 75' lang='lat' dir='ltr'><em>enimg</em></span> <span class='ocrx_word' id='word_1_217' title='bbox 1647 1807 1980 1859; x_wconf 78' lang='lat' dir='ltr'><em>Heinricush</em></span> <span class='ocrx_word' id='word_1_218' title='bbox 2017 1826 2116 1859; x_wconf 74' lang='lat' dir='ltr'><em>rem</em></span> 
     </span>
     <span class='ocr_line' id='line_1_26' title="bbox 256 1877 2113 1947; baseline 0.001 -19"><span class='ocrx_word' id='word_1_219' title='bbox 256 1878 364 1928; x_wconf 89' lang='lat' dir='ltr'><em>Dei</em></span> <span class='ocrx_word' id='word_1_220' title='bbox 424 1879 613 1946; x_wconf 65' lang='lat' dir='ltr'><em>qratia</em></span> <span class='ocrx_word' id='word_1_221' title='bbox 673 1896 792 1928; x_wconf 85' lang='lat' dir='ltr'><em>cum</em></span> <span class='ocrx_word' id='word_1_222' title='bbox 844 1879 1089 1929; x_wconf 82' lang='lat' dir='ltr'><em>omnibus</em></span> <span class='ocrx_word' id='word_1_223' title='bbox 1135 1880 1406 1947; x_wconf 86' lang='lat' dir='ltr'><em>episcopis</em></span> <span class='ocrx_word' id='word_1_224' title='bbox 1457 1878 1658 1929; x_wconf 88' lang='lat' dir='ltr'><em>nostris</em></span> <span class='ocrx_word' id='word_1_225' title='bbox 1704 1878 1803 1928; x_wconf 79' lang='lat' dir='ltr'><em>tibi</em></span> <span class='ocrx_word' id='word_1_226' title='bbox 1856 1877 2113 1930; x_wconf 84' lang='lat' dir='ltr'><em>dicimus:</em></span> 
     </span>
     <span class='ocr_line' id='line_1_27' title="bbox 257 1947 882 2006; baseline 0 -9"><span class='ocrx_word' id='word_1_227' title='bbox 257 1947 547 2006; x_wconf 88' lang='lat' dir='ltr'><em>Descende,</em></span> <span class='ocrx_word' id='word_1_228' title='bbox 587 1947 882 1999; x_wconf 74' lang='lat' dir='ltr'><em>descendei.</em></span> 
     </span>
    </p>

    <p class='ocr_par' dir='ltr' id='par_1_9' title="bbox 255 2014 2187 3062">
     <span class='ocr_line' id='line_1_28' title="bbox 397 2014 2115 2086; baseline -0.001 -18"><span class='ocrx_word' id='word_1_229' title='bbox 397 2016 478 2068; x_wconf 78' lang='lat'><em>68.</em></span> <span class='ocrx_word' id='word_1_230' title='bbox 553 2018 702 2081; x_wconf 75' lang='lat' dir='ltr'><em>Quae</em></span> <span class='ocrx_word' id='word_1_231' title='bbox 751 2016 956 2068; x_wconf 79' lang='lat' dir='ltr'><em>litterae</em></span> <span class='ocrx_word' id='word_1_232' title='bbox 1004 2034 1124 2068; x_wconf 91' lang='lat' dir='ltr'><em>cum</em></span> <span class='ocrx_word' id='word_1_233' title='bbox 1172 2018 1366 2069; x_wconf 91' lang='lat' dir='ltr'><em>domno</em></span> <span class='ocrx_word' id='word_1_234' title='bbox 1421 2035 1594 2086; x_wconf 90' lang='lat' dir='ltr'><em>papae</em></span> <span class='ocrx_word' id='word_1_235' title='bbox 1649 2016 1705 2066; x_wconf 91' lang='lat' dir='ltr'><em>in</em></span> <span class='ocrx_word' id='word_1_236' title='bbox 1750 2014 1969 2069; x_wconf 86' lang='lat' dir='ltr'><em>basilica</em></span> <span class='ocrx_word' id='word_1_237' title='bbox 2016 2015 2115 2067; x_wconf 89' lang='lat' dir='ltr'><em>La-</em></span> 
     </span>
     <span class='ocr_line' id='line_1_29' title="bbox 255 2085 2115 2156; baseline 0 -19"><span class='ocrx_word' id='word_1_238' title='bbox 255 2086 519 2138; x_wconf 86' lang='lat' dir='ltr'><em>teranensi</em></span> <span class='ocrx_word' id='word_1_239' title='bbox 557 2095 769 2138; x_wconf 87' lang='lat' dir='ltr'><em>sanctae</em></span> <span class='ocrx_word' id='word_1_240' title='bbox 797 2085 999 2154; x_wconf 89' lang='lat' dir='ltr'><em>synodo</em></span> <span class='ocrx_word' id='word_1_241' title='bbox 1027 2088 1347 2156; x_wconf 78' lang='lat' dir='ltr'><em>praesidenti</em></span> <span class='ocrx_word' id='word_1_242' title='bbox 1372 2086 1593 2139; x_wconf 87' lang='lat' dir='ltr'><em>fuissent</em></span> <span class='ocrx_word' id='word_1_243' title='bbox 1616 2085 1820 2151; x_wconf 88' lang='lat' dir='ltr'><em>allatae,</em></span> <span class='ocrx_word' id='word_1_244' title='bbox 1860 2094 1911 2137; x_wconf 91' lang='lat' dir='ltr'><em>et</em></span> <span class='ocrx_word' id='word_1_245' title='bbox 1937 2103 2115 2137; x_wconf 85' lang='lat' dir='ltr'><em>coram</em></span> 
     </span>
     <span class='ocr_line' id='line_1_30' title="bbox 257 2155 2162 2225; baseline -0.001 -19"><span class='ocrx_word' id='word_1_246' title='bbox 257 2155 458 2225; x_wconf 87' lang='lat' dir='ltr'><em>synodo</em></span> <span class='ocrx_word' id='word_1_247' title='bbox 509 2155 686 2225; x_wconf 86' lang='lat' dir='ltr'><em>palam</em></span> <span class='ocrx_word' id='word_1_248' title='bbox 731 2158 1009 2223; x_wconf 80' lang='lat' dir='ltr'><em>recitatae,</em></span> <span class='ocrx_word' id='word_1_249' title='bbox 1058 2166 1203 2209; x_wconf 85' lang='lat' dir='ltr'><em>tanta</em></span> <span class='ocrx_word' id='word_1_250' title='bbox 1251 2158 1310 2208; x_wconf 85' lang='lat' dir='ltr'><em>fit</em></span> <span class='ocrx_word' id='word_1_251' title='bbox 1345 2158 1400 2208; x_wconf 90' lang='lat' dir='ltr'><em>in</em></span> <span class='ocrx_word' id='word_1_252' title='bbox 1439 2156 1664 2209; x_wconf 88' lang='lat' dir='ltr'><em>ecclesia</em></span> <span class='ocrx_word' id='word_1_253' title='bbox 1701 2157 2010 2222; x_wconf 84' lang='lat' dir='ltr'><em>commotiO,</em></span> <span class='ocrx_word' id='word_1_254' title='bbox 2058 2163 2118 2208; x_wconf 88' lang='lat' dir='ltr'><em>ut</em></span> <span class='ocrx_word' id='word_1_255' title='bbox 2159 2203 2162 2205; x_wconf 72' lang='grc'><strong>,</strong></span> 
     </span>
     <span class='ocr_line' id='line_1_31' title="bbox 256 2224 2116 2296; baseline 0.001 -21"><span class='ocrx_word' id='word_1_256' title='bbox 256 2226 397 2276; x_wconf 91' lang='lat' dir='ltr'><em>idem</em></span> <span class='ocrx_word' id='word_1_257' title='bbox 445 2224 701 2293; x_wconf 83' lang='lat' dir='ltr'><em>legatus1,</em></span> <span class='ocrx_word' id='word_1_258' title='bbox 748 2226 851 2276; x_wconf 88' lang='lat' dir='ltr'><em>nisi</em></span> <span class='ocrx_word' id='word_1_259' title='bbox 905 2227 1041 2278; x_wconf 89' lang='lat' dir='ltr'><em>inter</em></span> <span class='ocrx_word' id='word_1_260' title='bbox 1084 2226 1364 2296; x_wconf 89' lang='lat' dir='ltr'><em>apostolici</em></span> <span class='ocrx_word' id='word_1_261' title='bbox 1419 2226 1582 2295; x_wconf 86' lang='lat' dir='ltr'><em>pedes</em></span> <span class='ocrx_word' id='word_1_262' title='bbox 1628 2226 1990 2277; x_wconf 86' lang='lat' dir='ltr'><em>defensionem</em></span> <span class='ocrx_word' id='word_1_263' title='bbox 2040 2226 2116 2277; x_wconf 90' lang='lat' dir='ltr'><em>in-</em></span> 
     </span>
     <span class='ocr_line' id='line_1_32' title="bbox 256 2294 2117 2360; baseline 0.002 -15"><span class='ocrx_word' id='word_1_264' title='bbox 256 2295 511 2360; x_wconf 88' lang='lat' dir='ltr'><em>venisset,</em></span> <span class='ocrx_word' id='word_1_265' title='bbox 569 2294 906 2347; x_wconf 84' lang='lat' dir='ltr'><em>membratim</em></span> <span class='ocrx_word' id='word_1_266' title='bbox 960 2296 1189 2348; x_wconf 90' lang='lat' dir='ltr'><em>laniatus</em></span> <span class='ocrx_word' id='word_1_267' title='bbox 1244 2297 1509 2348; x_wconf 83' lang='lat' dir='ltr'><em>interisset</em></span> <span class='ocrx_word' id='word_1_268' title='bbox 1563 2295 1952 2347; x_wconf 70' lang='lat' dir='ltr'><em>miserabiliter.</em></span> <span class='ocrx_word' id='word_1_269' title='bbox 2026 2294 2117 2349; x_wconf 87' lang='lat' dir='ltr'><em>Se-</em></span> 
     </span>
     <span class='ocr_line' id='line_1_33' title="bbox 258 2363 2115 2435; baseline 0.002 -20"><span class='ocrx_word' id='word_1_270' title='bbox 258 2366 438 2434; x_wconf 83' lang='lat' dir='ltr'><em>quenti</em></span> <span class='ocrx_word' id='word_1_271' title='bbox 474 2383 600 2416; x_wconf 84' lang='lat' dir='ltr'><em>vero</em></span> <span class='ocrx_word' id='word_1_272' title='bbox 641 2364 726 2416; x_wconf 90' lang='lat' dir='ltr'><em>die</em></span> <span class='ocrx_word' id='word_1_273' title='bbox 765 2365 989 2417; x_wconf 89' lang='lat' dir='ltr'><em>domnus</em></span> <span class='ocrx_word' id='word_1_274' title='bbox 1027 2384 1170 2435; x_wconf 90' lang='lat' dir='ltr'><em>papa</em></span> <span class='ocrx_word' id='word_1_275' title='bbox 1197 2385 1375 2418; x_wconf 86' lang='lat' dir='ltr'><em>coram</em></span> <span class='ocrx_word' id='word_1_276' title='bbox 1413 2367 1531 2434; x_wconf 81' lang='lat' dir='ltr'><em>ipsa</em></span> <span class='ocrx_word' id='word_1_277' title='bbox 1570 2365 1778 2434; x_wconf 81' lang='lat' dir='ltr'><em>synodo</em></span> <span class='ocrx_word' id='word_1_278' title='bbox 1812 2363 2115 2432; x_wconf 84' lang='lat' dir='ltr'><em>declaravit,</em></span> 
     </span>
     <span class='ocr_line' id='line_1_34' title="bbox 258 2434 2118 2504; baseline 0.002 -20"><span class='ocrx_word' id='word_1_279' title='bbox 258 2435 499 2503; x_wconf 87' lang='lat' dir='ltr'><em>quotiens</em></span> <span class='ocrx_word' id='word_1_280' title='bbox 538 2443 589 2486; x_wconf 91' lang='lat' dir='ltr'><em>et</em></span> <span class='ocrx_word' id='word_1_281' title='bbox 626 2443 822 2504; x_wconf 89' lang='lat' dir='ltr'><em>quanta</em></span> <span class='ocrx_word' id='word_1_282' title='bbox 846 2436 1250 2487; x_wconf 89' lang='lat' dir='ltr'><em>mansuetudine</em></span> <span class='ocrx_word' id='word_1_283' title='bbox 1275 2455 1454 2504; x_wconf 83' lang='lat' dir='ltr'><em>regem</em></span> <span class='ocrx_word' id='word_1_284' title='bbox 1482 2436 1546 2487; x_wconf 93' lang='lat' dir='ltr'><em>de</em></span> <span class='ocrx_word' id='word_1_285' title='bbox 1574 2437 1780 2504; x_wconf 86' lang='lat' dir='ltr'><em>magnis</em></span> <span class='ocrx_word' id='word_1_286' title='bbox 1807 2434 2118 2488; x_wconf 85' lang='lat' dir='ltr'><em>criminibus</em></span> 
     </span>
     <span class='ocr_line' id='line_1_35' title="bbox 258 2504 2116 2575; baseline 0.002 -21"><span class='ocrx_word' id='word_1_287' title='bbox 258 2505 615 2572; x_wconf 84' lang='lat' dir='ltr'><em>corripuisset,</em></span> <span class='ocrx_word' id='word_1_288' title='bbox 655 2506 747 2556; x_wconf 71' lang='lat' dir='ltr'><em>ut¹⁴</em></span> <span class='ocrx_word' id='word_1_289' title='bbox 786 2505 1064 2574; x_wconf 89' lang='lat' dir='ltr'><em>episcopos</em></span> <span class='ocrx_word' id='word_1_290' title='bbox 1103 2524 1135 2556; x_wconf 90' lang='lat' dir='ltr'><em>a</em></span> <span class='ocrx_word' id='word_1_291' title='bbox 1173 2507 1478 2575; x_wconf 88' lang='lat' dir='ltr'><em>captivitate</em></span> <span class='ocrx_word' id='word_1_292' title='bbox 1517 2504 1743 2557; x_wconf 87' lang='lat' dir='ltr'><em>solveret</em></span> <span class='ocrx_word' id='word_1_293' title='bbox 1779 2511 1977 2575; x_wconf 88' lang='lat' dir='ltr'><em>quanta</em></span> <span class='ocrx_word' id='word_1_294' title='bbox 2002 2523 2116 2557; x_wconf 86' lang='lat' dir='ltr'><em>sua-</em></span> 
     </span>
     <span class='ocr_line' id='line_1_36' title="bbox 256 2574 2117 2644; baseline 0.001 -20"><span class='ocrx_word' id='word_1_295' title='bbox 256 2574 419 2625; x_wconf 85' lang='lat' dir='ltr'><em>vitate</em></span> <span class='ocrx_word' id='word_1_296' title='bbox 445 2583 698 2642; x_wconf 81' lang='lat' dir='ltr'><em>rogasset,</em></span> <span class='ocrx_word' id='word_1_297' title='bbox 736 2574 1029 2643; x_wconf 87' lang='lat' dir='ltr'><em>apostolica</em></span> <span class='ocrx_word' id='word_1_298' title='bbox 1056 2579 1365 2628; x_wconf 85' lang='lat' dir='ltr'><em>auctoritate</em></span> <span class='ocrx_word' id='word_1_299' title='bbox 1390 2576 1655 2641; x_wconf 80' lang='lat' dir='ltr'><em>iussisset3</em></span> <span class='ocrx_word' id='word_1_300' title='bbox 1694 2583 1745 2627; x_wconf 90' lang='lat' dir='ltr'><em>et</em></span> <span class='ocrx_word' id='word_1_301' title='bbox 1776 2592 1871 2644; x_wconf 90' lang='lat' dir='ltr'><em>pro</em></span> <span class='ocrx_word' id='word_1_302' title='bbox 1897 2583 2117 2641; x_wconf 85' lang='lat' dir='ltr'><em>paterna</em></span> 
     </span>
     <span class='ocr_line' id='line_1_37' title="bbox 258 2642 2186 2714; baseline -0.001 -20"><span class='ocrx_word' id='word_1_303' title='bbox 258 2642 538 2695; x_wconf 84' lang='lat' dir='ltr'><em>dulcedine</em></span> <span class='ocrx_word' id='word_1_304' title='bbox 560 2652 811 2713; x_wconf 87' lang='lat' dir='ltr'><em>quantam</em></span> <span class='ocrx_word' id='word_1_305' title='bbox 832 2644 1111 2713; x_wconf 85' lang='lat' dir='ltr'><em>superbiae</em></span> <span class='ocrx_word' id='word_1_306' title='bbox 1131 2645 1538 2697; x_wconf 87' lang='lat' dir='ltr'><em>amaritudinem</em></span> <span class='ocrx_word' id='word_1_307' title='bbox 1557 2646 1859 2714; x_wconf 88' lang='lat' dir='ltr'><em>recepisset.</em></span> <span class='ocrx_word' id='word_1_308' title='bbox 1905 2643 2118 2696; x_wconf 88' lang='lat' dir='ltr'><em>Deinde</em></span> <span class='ocrx_word' id='word_1_309' title='bbox 2170 2667 2186 2693; x_wconf 78' lang='grc'><em>·,</em></span> 
     </span>
     <span class='ocr_line' id='line_1_38' title="bbox 260 2713 2159 2781; baseline 0.002 -18"><span class='ocrx_word' id='word_1_310' title='bbox 260 2714 463 2765; x_wconf 89' lang='lat' dir='ltr'><em>cunctis</em></span> <span class='ocrx_word' id='word_1_311' title='bbox 502 2714 918 2766; x_wconf 87' lang='lat' dir='ltr'><em>acclamantibus</em></span> <span class='ocrx_word' id='word_1_312' title='bbox 968 2733 1035 2766; x_wconf 91' lang='lat' dir='ltr'><em>ne</em></span> <span class='ocrx_word' id='word_1_313' title='bbox 1084 2715 1202 2766; x_wconf 89' lang='lat' dir='ltr'><em>talis</em></span> <span class='ocrx_word' id='word_1_314' title='bbox 1251 2713 1570 2766; x_wconf 87' lang='lat' dir='ltr'><em>contumelia</em></span> <span class='ocrx_word' id='word_1_315' title='bbox 1605 2722 1901 2766; x_wconf 87' lang='lat' dir='ltr'><em>remaneret</em></span> <span class='ocrx_word' id='word_1_316' title='bbox 1937 2713 2116 2781; x_wconf 88' lang='lat' dir='ltr'><em>inulta,</em></span> <span class='ocrx_word' id='word_1_317' title='bbox 2157 2719 2159 2721; x_wconf 79' lang='grc'><strong>’</strong></span> 
     </span>
     <span class='ocr_line' id='line_1_39' title="bbox 261 2782 2187 2852; baseline 0.001 -19"><span class='ocrx_word' id='word_1_318' title='bbox 261 2785 496 2834; x_wconf 88' lang='lat' dir='ltr'><em>omnium</em></span> <span class='ocrx_word' id='word_1_319' title='bbox 550 2783 767 2834; x_wconf 90' lang='lat' dir='ltr'><em>consilio</em></span> <span class='ocrx_word' id='word_1_320' title='bbox 826 2791 876 2836; x_wconf 91' lang='lat' dir='ltr'><em>et</em></span> <span class='ocrx_word' id='word_1_321' title='bbox 924 2802 1187 2836; x_wconf 87' lang='lat' dir='ltr'><em>consensu</em></span> <span class='ocrx_word' id='word_1_322' title='bbox 1237 2785 1574 2836; x_wconf 84' lang='lat' dir='ltr'><em>Heinricuml</em></span> <span class='ocrx_word' id='word_1_323' title='bbox 1631 2782 1874 2852; x_wconf 88' lang='lat' dir='ltr'><em>synodali</em></span> <span class='ocrx_word' id='word_1_324' title='bbox 1921 2783 2118 2835; x_wconf 87' lang='lat' dir='ltr'><em>iudicio</em></span> <span class='ocrx_word' id='word_1_325' title='bbox 2168 2788 2187 2803; x_wconf 73' lang='lat'><em>&#39;⁴</em></span> 
     </span>
     <span class='ocr_line' id='line_1_40' title="bbox 260 2851 2177 2923; baseline 0.001 -21"><span class='ocrx_word' id='word_1_326' title='bbox 260 2851 545 2919; x_wconf 83' lang='lat' dir='ltr'><em>damnavit,</em></span> <span class='ocrx_word' id='word_1_327' title='bbox 583 2853 830 2923; x_wconf 81' lang='lat' dir='ltr'><em>regisque</em></span> <span class='ocrx_word' id='word_1_328' title='bbox 867 2855 1080 2905; x_wconf 90' lang='lat' dir='ltr'><em>nomine</em></span> <span class='ocrx_word' id='word_1_329' title='bbox 1120 2863 1171 2907; x_wconf 91' lang='lat' dir='ltr'><em>et</em></span> <span class='ocrx_word' id='word_1_330' title='bbox 1206 2855 1404 2906; x_wconf 91' lang='lat' dir='ltr'><em>honore</em></span> <span class='ocrx_word' id='word_1_331' title='bbox 1447 2855 1717 2922; x_wconf 87' lang='lat' dir='ltr'><em>privatum</em></span> <span class='ocrx_word' id='word_1_332' title='bbox 1766 2853 2117 2905; x_wconf 84' lang='lat' dir='ltr'><em>anathematis</em></span> <span class='ocrx_word' id='word_1_333' title='bbox 2170 2854 2177 2890; x_wconf 74' lang='grc'><em>-’</em></span> 
     </span>
     <span class='ocr_line' id='line_1_41' title="bbox 259 2921 2174 2993; baseline 0.004 -21"><span class='ocrx_word' id='word_1_334' title='bbox 259 2921 436 2990; x_wconf 80' lang='lat' dir='ltr'><em>gladio</em></span> <span class='ocrx_word' id='word_1_335' title='bbox 475 2924 760 2990; x_wconf 81' lang='lat' dir='ltr'><em>percussit,</em></span> <span class='ocrx_word' id='word_1_336' title='bbox 809 2922 1114 2993; x_wconf 87' lang='lat' dir='ltr'><em>litterasque</em></span> <span class='ocrx_word' id='word_1_337' title='bbox 1151 2925 1206 2974; x_wconf 90' lang='lat' dir='ltr'><em>in</em></span> <span class='ocrx_word' id='word_1_338' title='bbox 1244 2942 1467 2993; x_wconf 84' lang='lat' dir='ltr'><em>regnum</em></span> <span class='ocrx_word' id='word_1_339' title='bbox 1505 2924 1922 2975; x_wconf 90' lang='lat' dir='ltr'><em>Teutonicorum</em></span> <span class='ocrx_word' id='word_1_340' title='bbox 1958 2923 2119 2990; x_wconf 80' lang='lat' dir='ltr'><em>misit,</em></span> <span class='ocrx_word' id='word_1_341' title='bbox 2151 2944 2174 2979; x_wconf 53' lang='grc' dir='ltr'>ί</span> 
     </span>
     <span class='ocr_line' id='line_1_42' title="bbox 261 2991 2178 3062; baseline 0.002 -21"><span class='ocrx_word' id='word_1_342' title='bbox 261 3009 485 3060; x_wconf 89' lang='lat' dir='ltr'><em>quarum</em></span> <span class='ocrx_word' id='word_1_343' title='bbox 524 2991 608 3042; x_wconf 89' lang='lat' dir='ltr'><em>hic</em></span> <span class='ocrx_word' id='word_1_344' title='bbox 650 2991 924 3060; x_wconf 85' lang='lat' dir='ltr'><em>exemplar</em></span> <span class='ocrx_word' id='word_1_345' title='bbox 961 3012 1259 3062; x_wconf 87' lang='lat' dir='ltr'><em>supponere</em></span> <span class='ocrx_word' id='word_1_346' title='bbox 1297 2993 1518 3062; x_wconf 86' lang='lat' dir='ltr'><em>placuit:</em></span> <span class='ocrx_word' id='word_1_347' title='bbox 2171 2995 2178 3010; x_wconf 81' lang='grc'><strong>”</strong></span> 
     </span>
    </p>
   </div>
   <div class='ocr_carea' id='block_1_6' title="bbox 260 3095 2171 3234">
    <p class='ocr_par' dir='ltr' id='par_1_10' title="bbox 260 3095 2171 3234">
     <span class='ocr_line' id='line_1_43' title="bbox 261 3095 2120 3137; baseline 0.001 -11"><span class='ocrx_word' id='word_1_348' title='bbox 261 3095 297 3136; x_wconf 89' lang='lat' dir='ltr'><em>a)</em></span> <span class='ocrx_word' id='word_1_349' title='bbox 328 3100 603 3135; x_wconf 79' lang='lat' dir='ltr'><em>contempnant</em></span> <span class='ocrx_word' id='word_1_350' title='bbox 631 3106 724 3135; x_wconf 81' lang='lat' dir='ltr'><em>quos</em></span> <span class='ocrx_word' id='word_1_351' title='bbox 753 3098 826 3136; x_wconf 82' lang='lat' dir='ltr'><em>ipsi</em></span> <span class='ocrx_word' id='word_1_352' title='bbox 851 3098 894 3136; x_wconf 77' lang='lat'><em>23</em></span> <span class='ocrx_word' id='word_1_353' title='bbox 922 3098 960 3128; x_wconf 77' lang='lat' dir='ltr'><em>in</em></span> <span class='ocrx_word' id='word_1_354' title='bbox 991 3099 1007 3127; x_wconf 87' lang='lat'>1</span> <span class='ocrx_word' id='word_1_355' title='bbox 1037 3098 1270 3136; x_wconf 74' lang='lat' dir='ltr'><em>supplendum</em></span> <span class='ocrx_word' id='word_1_356' title='bbox 1298 3102 1345 3127; x_wconf 82' lang='lat' dir='ltr'><em>est</em></span> <span class='ocrx_word' id='word_1_357' title='bbox 1369 3106 1442 3128; x_wconf 88' lang='lat' dir='ltr'><em>eos.</em></span> <span class='ocrx_word' id='word_1_358' title='bbox 1523 3095 1559 3136; x_wconf 70' lang='lat' dir='ltr'><em>b)</em></span> <span class='ocrx_word' id='word_1_359' title='bbox 1589 3097 1868 3137; x_wconf 86' lang='lat' dir='ltr'><em>episcopalium</em></span> <span class='ocrx_word' id='word_1_360' title='bbox 1896 3096 2059 3128; x_wconf 83' lang='lat' dir='ltr'><em>docendi</em></span> <span class='ocrx_word' id='word_1_361' title='bbox 2087 3096 2120 3129; x_wconf 80' lang='lat'><em>2.</em></span> 
     </span>
     <span class='ocr_line' id='line_1_44' title="bbox 262 3143 2171 3187; baseline 0.001 -12"><span class='ocrx_word' id='word_1_362' title='bbox 262 3145 295 3185; x_wconf 86' lang='lat' dir='ltr'><em>c)</em></span> <span class='ocrx_word' id='word_1_363' title='bbox 324 3146 413 3175; x_wconf 77' lang='lat' dir='ltr'><em>deest</em></span> <span class='ocrx_word' id='word_1_364' title='bbox 455 3147 486 3177; x_wconf 90' lang='lat'><em>1.</em></span> <span class='ocrx_word' id='word_1_365' title='bbox 589 3144 625 3185; x_wconf 91' lang='lat' dir='ltr'><em>d)</em></span> <span class='ocrx_word' id='word_1_366' title='bbox 655 3147 742 3185; x_wconf 85' lang='lat' dir='ltr'><em>Ipse</em></span> <span class='ocrx_word' id='word_1_367' title='bbox 781 3155 930 3184; x_wconf 81' lang='lat' dir='ltr'><em>quoque</em></span> <span class='ocrx_word' id='word_1_368' title='bbox 968 3148 1002 3177; x_wconf 78' lang='lat'><em>2.</em></span> <span class='ocrx_word' id='word_1_369' title='bbox 1107 3146 1141 3185; x_wconf 90' lang='grc'><em>6)</em></span> <span class='ocrx_word' id='word_1_370' title='bbox 1171 3147 1299 3178; x_wconf 86' lang='lat' dir='ltr'><em>sedem</em></span> <span class='ocrx_word' id='word_1_371' title='bbox 1337 3148 1370 3178; x_wconf 78' lang='lat'><em>2.</em></span> <span class='ocrx_word' id='word_1_372' title='bbox 1473 3145 1502 3187; x_wconf 84' lang='lat' dir='ltr'><em>f)</em></span> <span class='ocrx_word' id='word_1_373' title='bbox 1531 3147 1723 3178; x_wconf 82' lang='lat' dir='ltr'><em>violencia</em></span> <span class='ocrx_word' id='word_1_374' title='bbox 1760 3147 1792 3176; x_wconf 93' lang='lat'><em>1.</em></span> <span class='ocrx_word' id='word_1_375' title='bbox 1892 3143 1931 3185; x_wconf 84' lang='lat' dir='ltr'><em>g)</em></span> <span class='ocrx_word' id='word_1_376' title='bbox 1959 3146 2049 3175; x_wconf 82' lang='lat' dir='ltr'><em>deest</em></span> <span class='ocrx_word' id='word_1_377' title='bbox 2085 3145 2118 3177; x_wconf 85' lang='lat'><em>2.</em></span> <span class='ocrx_word' id='word_1_378' title='bbox 2167 3146 2171 3151; x_wconf 81' lang='lat'><strong><em>‘</em></strong></span> 
     </span>
     <span class='ocr_line' id='line_1_45' title="bbox 260 3193 2116 3234; baseline 0 -10"><span class='ocrx_word' id='word_1_379' title='bbox 260 3194 298 3233; x_wconf 83' lang='lat' dir='ltr'><em>h)</em></span> <span class='ocrx_word' id='word_1_380' title='bbox 328 3194 370 3224; x_wconf 70' lang='lat' dir='ltr'><em>N.</em></span> <span class='ocrx_word' id='word_1_381' title='bbox 403 3195 434 3226; x_wconf 91' lang='lat'><em>1.</em></span> <span class='ocrx_word' id='word_1_382' title='bbox 567 3193 594 3232; x_wconf 87' lang='lat' dir='ltr'><em>i)</em></span> <span class='ocrx_word' id='word_1_383' title='bbox 624 3195 728 3225; x_wconf 71' lang='lat' dir='ltr'><em>editio</em></span> <span class='ocrx_word' id='word_1_384' title='bbox 765 3195 913 3225; x_wconf 74' lang='lat' dir='ltr'><em>Freheri</em></span> <span class='ocrx_word' id='word_1_385' title='bbox 949 3196 1062 3225; x_wconf 79' lang='lat' dir='ltr'><em>altera</em></span> <span class='ocrx_word' id='word_1_386' title='bbox 1099 3196 1197 3225; x_wconf 79' lang='lat' dir='ltr'><em>addit</em></span> <span class='ocrx_word' id='word_1_387' title='bbox 1233 3205 1272 3226; x_wconf 77' lang='lat' dir='ltr'><em>ez</em></span> <span class='ocrx_word' id='word_1_388' title='bbox 1299 3195 1496 3226; x_wconf 74' lang='lat' dir='ltr'><em>Lehmanni</em></span> <span class='ocrx_word' id='word_1_389' title='bbox 1536 3196 1664 3228; x_wconf 72' lang='lat' dir='ltr'><em>chron.</em></span> <span class='ocrx_word' id='word_1_390' title='bbox 1706 3194 1879 3234; x_wconf 80' lang='lat' dir='ltr'><em>Spirensi,</em></span> <span class='ocrx_word' id='word_1_391' title='bbox 1919 3202 2010 3233; x_wconf 81' lang='lat' dir='ltr'><em>quae</em></span> <span class='ocrx_word' id='word_1_392' title='bbox 2043 3194 2116 3224; x_wconf 82' lang='lat' dir='ltr'><em>iam</em></span> 
     </span>
    </p>
   </div>
   <div class='ocr_carea' id='block_1_7' title="bbox 259 3242 2117 3333">
    <p class='ocr_par' dir='ltr' id='par_1_11' title="bbox 259 3242 2117 3333">
     <span class='ocr_line' id='line_1_46' title="bbox 259 3242 2117 3283; baseline 0 -10"><span class='ocrx_word' id='word_1_393' title='bbox 259 3252 374 3281; x_wconf 79' lang='lat' dir='ltr'><em>supra</em></span> <span class='ocrx_word' id='word_1_394' title='bbox 410 3252 437 3273; x_wconf 89' lang='lat' dir='ltr'><em>c.</em></span> <span class='ocrx_word' id='word_1_395' title='bbox 479 3242 536 3274; x_wconf 77' lang='lat'><em>65.</em></span> <span class='ocrx_word' id='word_1_396' title='bbox 564 3243 787 3281; x_wconf 69' lang='lat' dir='ltr'><em>leqetanzur:</em></span> <span class='ocrx_word' id='word_1_397' title='bbox 835 3243 1071 3283; x_wconf 75' lang='lat' dir='ltr'><em>Subscriptio</em></span> <span class='ocrx_word' id='word_1_398' title='bbox 1109 3245 1375 3283; x_wconf 83' lang='lat' dir='ltr'><em>episcoporum</em></span> <span class='ocrx_word' id='word_1_399' title='bbox 1413 3245 1666 3282; x_wconf 80' lang='lat' dir='ltr'><em>singulorum.</em></span> <span class='ocrx_word' id='word_1_400' title='bbox 1721 3245 1802 3282; x_wconf 86' lang='lat' dir='ltr'><em>Ego</em></span> <span class='ocrx_word' id='word_1_401' title='bbox 1838 3243 1886 3274; x_wconf 91' lang='lat' dir='ltr'><em>N.</em></span> <span class='ocrx_word' id='word_1_402' title='bbox 1918 3261 1959 3266; x_wconf 95' lang='lat'><em>-</em></span> <span class='ocrx_word' id='word_1_403' title='bbox 1989 3242 2117 3274; x_wconf 81' lang='lat' dir='ltr'><em>Hilde-</em></span> 
     </span>
     <span class='ocr_line' id='line_1_47' title="bbox 260 3292 1607 3333; baseline 0.001 -11"><span class='ocrx_word' id='word_1_404' title='bbox 260 3292 395 3322; x_wconf 84' lang='lat' dir='ltr'><em>brandi</em></span> <span class='ocrx_word' id='word_1_405' title='bbox 423 3292 670 3323; x_wconf 83' lang='lat' dir='ltr'><em>sectationem</em></span> <span class='ocrx_word' id='word_1_406' title='bbox 698 3296 734 3323; x_wconf 83' lang='lat' dir='ltr'><em>et</em></span> <span class='ocrx_word' id='word_1_407' title='bbox 764 3312 804 3316; x_wconf 92' lang='lat'><strong>—</strong></span> <span class='ocrx_word' id='word_1_408' title='bbox 833 3294 988 3324; x_wconf 80' lang='lat' dir='ltr'><em>vocabo.</em></span> <span class='ocrx_word' id='word_1_409' title='bbox 1090 3293 1129 3333; x_wconf 83' lang='lat' dir='ltr'><em>k)</em></span> <span class='ocrx_word' id='word_1_410' title='bbox 1161 3298 1273 3332; x_wconf 83' lang='lat' dir='ltr'><em>utque</em></span> <span class='ocrx_word' id='word_1_411' title='bbox 1305 3294 1337 3324; x_wconf 73' lang='lat'><em>2.</em></span> <span class='ocrx_word' id='word_1_412' title='bbox 1441 3292 1468 3333; x_wconf 89' lang='lat' dir='ltr'><em>l)</em></span> <span class='ocrx_word' id='word_1_413' title='bbox 1496 3294 1542 3324; x_wconf 89' lang='lat' dir='ltr'><em>H.</em></span> <span class='ocrx_word' id='word_1_414' title='bbox 1577 3295 1607 3326; x_wconf 88' lang='lat'><em>1.</em></span> 
     </span>
    </p>
   </div>
   <div class='ocr_carea' id='block_1_8' title="bbox 265 3384 1967 3440">
    <p class='ocr_par' dir='ltr' id='par_1_12' title="bbox 265 3384 1967 3440">
     <span class='ocr_line' id='line_1_48' title="bbox 265 3384 1967 3440; baseline 0.001 -15"><span class='ocrx_word' id='word_1_415' title='bbox 265 3384 309 3438; x_wconf 79' lang='lat'><em>1)</em></span> <span class='ocrx_word' id='word_1_416' title='bbox 344 3385 574 3426; x_wconf 63' lang='lat' dir='ltr'><em>Rotundus</em></span> <span class='ocrx_word' id='word_1_417' title='bbox 608 3385 787 3426; x_wconf 80' lang='lat' dir='ltr'><em>clericus</em></span> <span class='ocrx_word' id='word_1_418' title='bbox 821 3386 1087 3437; x_wconf 83' lang='lat' dir='ltr'><em>Parmensis,</em></span> <span class='ocrx_word' id='word_1_419' title='bbox 1123 3400 1221 3427; x_wconf 74' lang='lat' dir='ltr'><em>mox</em></span> <span class='ocrx_word' id='word_1_420' title='bbox 1255 3386 1482 3440; x_wconf 82' lang='lat' dir='ltr'><em>episcopus</em></span> <span class='ocrx_word' id='word_1_421' title='bbox 1526 3385 1833 3428; x_wconf 84' lang='lat' dir='ltr'><em>Tarvisicnsis.</em></span> <span class='ocrx_word' id='word_1_422' title='bbox 1909 3385 1967 3427; x_wconf 73' lang='lat' dir='ltr'><em>W</em></span> 
     </span>
    </p>
   </div>
   <div class='ocr_carea' id='block_1_9' title="bbox 2159 3271 2204 3666">
    <p class='ocr_par' dir='ltr' id='par_1_13' title="bbox 2159 3200 2204 3666">
     <span class='ocr_line' id='line_1_49' title="bbox 2159 3271 2182 3666; textangle 90"><span class='ocrx_word' id='word_1_423' title='bbox 2169 3656 2182 3666; x_wconf 52' lang='lat'><strong>¹</strong></span> <span class='ocrx_word' id='word_1_424' title='bbox 2159 3576 2175 3609; x_wconf 59' lang='grc' dir='ltr'><em>α4</em></span> <span class='ocrx_word' id='word_1_425' title='bbox 2168 3507 2173 3523; x_wconf 29' lang='grc' dir='ltr'><em>Α,</em></span> <span class='ocrx_word' id='word_1_426' title='bbox 2168 3463 2170 3466; x_wconf 98' lang='grc'>.</span> <span class='ocrx_word' id='word_1_427' title='bbox 2163 3373 2170 3378; x_wconf 73' lang='lat' dir='ltr'>v</span> <span class='ocrx_word' id='word_1_428' title='bbox 2165 3300 2178 3330; x_wconf 43' lang='grc' dir='ltr'><em>,.Ἰ</em></span> <span class='ocrx_word' id='word_1_429' title='bbox 2172 3271 2174 3273; x_wconf 88' lang='grc'><strong>,</strong></span> 
     </span>
     <span class='ocr_line' id='line_1_50' title="bbox 2171 3294 2204 3631; textangle 90"><span class='ocrx_word' id='word_1_430' title='bbox 2174 3627 2181 3631; x_wconf 81' lang='grc'><strong>’</strong></span> <span class='ocrx_word' id='word_1_431' title='bbox 2172 3467 2204 3591; x_wconf 38' lang='grc' dir='ltr'><em>νιν-ῦς.-</em></span> <span class='ocrx_word' id='word_1_432' title='bbox 2171 3375 2204 3446; x_wconf 55' lang='grc' dir='ltr'><em>ἰίκ</em></span> <span class='ocrx_word' id='word_1_433' title='bbox 2172 3334 2181 3344; x_wconf 85' lang='grc'><strong>’</strong></span> <span class='ocrx_word' id='word_1_434' title='bbox 2182 3294 2187 3300; x_wconf 86' lang='grc'><em>·</em></span> 
     </span>
    </p>
   </div>
  </div>
 </body>
</html>
