2204 3765
580 109 777 149 BRUNO
809 111 890 150 DE
923 113 1116 153 BELLO
1153 114 1459 157 SAXONICO.
1894 129 1947 167 69

113 246 279 325 sancti
314 245 553 310 Martini,
602 255 654 297 et
688 246 762 324 ibi
801 248 1126 316 conglobati,
1175 253 1404 302 consiliis
1451 256 1710 324 armisque
1748 264 1947 321 muniti,
1973 280 2074 312 ιοττ.

109 315 282 367 sublto
310 332 429 365 cum
466 331 658 381 magno
684 324 886 383 impetu
912 319 1168 383 exierunt,
1207 330 1257 372 et
1283 320 1510 373 urbanos
1537 335 1626 374 aut
1653 328 1951 382 occiderunt

112 392 205 436 aut
225 392 493 452 ceperunt,
519 391 728 452 praeter
753 402 842 435 eos
871 388 959 453 qui
987 387 1142 455 fugae
1171 407 1225 439 se
1253 391 1536 456 ci·edenteS‚
1576 393 1760 445 timore
1787 400 1952 464 perni-

112 454 325 506 citatem
346 452 632 522 praebente
652 451 895 505 abierunt
914 454 1178 508 velociter.
1215 458 1275 507 In
1303 461 1525 510 crastino
1546 479 1668 511 vero
1691 481 1867 515 omnes
1889 485 1954 516 ex

111 522 244 574 urbe
264 525 490 573 maiores
510 531 630 573 ante
651 540 829 590 regem
852 523 1118 592 supplices
1138 536 1407 589 venerunt,
1430 538 1478 580 et
1499 529 1562 580 de
1583 530 1779 582 malitia
1799 552 1955 602 quam

111 592 358 658 fecerant,
397 591 658 661 supplicia
695 609 829 659 quae
867 611 963 643 rex
999 593 1210 645 volebat
1246 598 1486 664 accipere
1513 598 1781 667 dedorunt,
1820 615 1867 653 et
1902 614 1958 654 ut

109 661 334 732 posthac
371 662 759 730 imperpetuum
798 660 977 712 fideles
1015 664 1063 713 ei
1097 675 1382 730 manerent,
1421 668 1740 721 iuraverunt.

252 731 336 783 93.
413 730 519 783 Sed
563 749 658 782 rex
707 748 813 780 non
857 730 1057 783 habens
1103 734 1176 784 eis
1222 734 1395 799 fidem,
1454 737 1716 788 civitatem
1762 740 1959 792 dimisit

111 809 163 852 et
209 800 277 851 ad
328 799 529 852 Suevos
576 799 732 864 abiit;
793 799 972 868 ibique
1023 819 1210 870 parum
1262 815 1507 868 moratus,
1558 807 1624 857 ad
1675 809 1957 860 Saxoniam

111 871 367 922 transivit.
465 869 600 920 Nam
668 868 964 921 dominicae
1022 874 1418 924 resurrectionis
1472 876 1747 928 festivitate
1817 879 1958 946 apud

110 941 410 1009 Augustam
449 940 715 990 civitatem
753 937 1032 1005 celebrata,
1071 943 1126 991 in
1162 950 1530 1010 pentecosten¹
1581 945 1646 996 ad
1684 946 1958 1016 Erpcsfort

109 1011 270 1075 venit,
323 1017 374 1061 et
421 1008 545 1060 inde
583 1026 688 1058 non
724 1025 890 1076 parva
930 1008 1200 1061 Saxonum
1247 1011 1577 1064 multitudine
1628 1034 1744 1065 cuni
1796 1017 1956 1083 regali

109 1079 306 1130 honore
333 1078 612 1142 deductus,
644 1076 1005 1145 apostolorum
1044 1080 1342 1149 principum
1377 1083 1543 1151 princi
1587 1083 1718 1135 alem
1758 1083 1955 1136 sollem-
1977 1107 2132 1139 Imm.

108 1149 360 1200 nitatema
396 1149 451 1198 in
488 1147 620 1198 urbe
657 1146 1086 1216 Merseburgensi
1132 1149 1409 1202 devotione
1459 1162 1621 1203 muta
1659 1153 1954 1206 celebravit.

110 1218 231 1284 Quo
272 1236 390 1269 cum
431 1217 496 1268 de
535 1217 739 1267 cunctis
768 1216 1033 1269 Saxoniae
1063 1219 1303 1287 partibus
1341 1221 1565 1272 maiores
1593 1231 1643 1272 et
1668 1222 1956 1274 mediocres

109 1289 496 1352 convenissent,
557 1305 842 1356 regemque
905 1288 1038 1338 sicut
1098 1307 1129 1339 a
1189 1289 1516 1358 principibus
1578 1300 1688 1341 erat
1748 1291 1956 1350 electus,

108 1358 426 1409 unanimiter
461 1357 517 1407 in
553 1375 716 1426 regno
756 1356 1170 1424 confirmassent,
1211 1358 1345 1410 dixit
1381 1378 1491 1424 rex,
1531 1359 1632 1410 sibi
1663 1379 1767 1411 non
1792 1361 1957 1413 videri

109 1428 301 1480 decens
357 1425 441 1478 vel
494 1425 636 1492 utile,
689 1425 929 1478 Saxones
987 1428 1137 1496 quasi
1191 1429 1348 1496 plena
1397 1448 1527 1499 pace
1575 1432 1768 1498 potitos
1816 1431 1957 1482 domi

111 1499 316 1568 quietos
368 1496 577 1562 sedere3
628 1499 898 1565 suasitque
944 1495 1061 1562 illis,
1115 1506 1173 1548 ut
1210 1499 1445 1550 exercitu
1483 1499 1695 1551 collecto
1746 1499 1956 1552 hostiles

107 1566 243 1619 ultro
281 1576 459 1636 partes
496 1565 820 1632 invaderent,
874 1567 1119 1634 quatinus
1158 1566 1358 1637 aliquid
1395 1568 1595 1620 fortiter
1640 1570 1859 1638 agendo,
1907 1579 1958 1621 et

108 1657 141 1689 a
177 1656 231 1689 se
271 1636 521 1701 desidiae,
561 1654 665 1705 qua
700 1637 867 1687 notati
905 1645 1067 1702 erant,
1118 1639 1334 1688 notamb
1381 1637 1660 1703 abicerent,
1717 1647 1766 1690 et
1803 1639 1954 1705 hosti,

111 1708 202 1777 qui
249 1707 314 1759 de
359 1708 582 1757 victoria
631 1706 892 1774 superbus
942 1706 1195 1772 tumebat,
1247 1709 1600 1776 arrogantiam
1645 1710 1953 1760 minuerent.

110 1777 269 1843 Quod
307 1785 359 1828 et
393 1777 496 1845 ipsi
533 1774 655 1827 laeti
691 1776 942 1827 fecerunt.

249 1848 332 1899 94.
404 1846 576 1915 Igitur
613 1847 669 1896 in
699 1844 943 1914 Augusto
982 1864 1163 1897 mense
1202 1864 1322 1896 cum
1360 1864 1550 1915 magno
1591 1847 1822 1898 exercitu
1860 1866 1954 1898 rex
1974 1866 2064 1904 Any.

106 1916 366 1968 Rodulfus
403 1913 590 1967 urbem
626 1914 949 1984 XVirceburg
986 1915 1207 1978 obsedit,
1244 1915 1312 1966 ad
1350 1934 1507 1985 quam
1547 1916 1954 1984 expugnandam

107 1987 380 2038 machinas
437 1985 632 2036 diversi
685 1986 893 2053 generis
954 1987 1130 2054 parari
1185 1986 1351 2036 iussit.
1425 1986 1575 2050 Quae
1632 1985 1755 2036 dum
1806 2004 1953 2055 para-

106 2056 315 2122 bantur,
352 2057 468 2125 ipse
507 2056 644 2106 sicut
678 2073 776 2106 rex
812 2055 1124 2106 christianus
1162 2056 1339 2106 Deum
1376 2056 1565 2106 timens
1604 2073 1777 2106 secum
1817 2057 1953 2124 cogi-

107 2126 270 2186 tabat,
310 2127 436 2195 quia
473 2126 517 2176 si
554 2123 680 2176 urbs
707 2134 861 2193 capta
886 2125 1085 2191 fuisset,
1125 2124 1192 2176 ab
1220 2124 1453 2177 ecclesiis
1479 2124 1560 2176 vel
1586 2124 1952 2176 ecclesiasticis

106 2197 265 2249 rebus
322 2194 590 2248 diruendis
645 2194 731 2246 vel
785 2195 1096 2264 diripiendis
1144 2195 1337 2264 vulgus
1391 2193 1550 2246 semel
1599 2195 1952 2246 intromissum

106 2284 205 2318 nee
240 2268 355 2336 ipse
391 2285 486 2318 rex
532 2283 781 2316 revocare
829 2273 1026 2335 posset.
1098 2265 1243 2333 Ergo
1288 2265 1458 2316 lentus
1505 2263 1578 2315 ibi
1626 2264 1855 2329 sedebat,
1903 2273 1952 2315 ct

110 2338 410 2389 occasiones
450 2335 685 2386 diversas
722 2353 788 2386 ne
825 2343 1151 2404 pugnaretur
1187 2335 1255 2385 ad
1291 2335 1476 2387 urbem
1515 2334 1828 2403 quaerendo,
1878 2334 1951 2383 in-

107 2414 315 2477 tegrum
353 2406 460 2457 fere
497 2423 735 2456 mensem
771 2405 934 2456 nichil
982 2405 1261 2475 proficiens
1310 2404 1385 2456 ibi
1432 2403 1700 2468 manebat;
1749 2402 1951 2453 maluit-

109 2496 212 2548 que
250 2476 552 2544 gloriosam,
593 2476 745 2543 quasi
782 2476 967 2527 urbem
1007 2493 1192 2544 capere
1230 2493 1335 2525 non
1373 2484 1564 2543 posset,
1603 2473 1794 2524 habere
1833 2490 1949 2522 con-

107 2546 394 2612 tumeliam,
433 2564 590 2614 quam
627 2543 996 2613 periculosam,
1034 2554 1092 2595 ut
1129 2544 1259 2596 urbe
1286 2544 1550 2595 destructa
1576 2541 1733 2593 nullic
1772 2558 1951 2592 sacrae

106 2619 184 2669 rei
220 2624 544 2687 parceretur,
581 2615 856 2682 adquirere
894 2614 1133 2683 gloriam.

247 2688 328 2740 95.
402 2685 611 2736 Interea
647 2684 932 2736 Heinricus
971 2704 1152 2750 exrex,
1200 2683 1436 2735 exercitu
1480 2699 1578 2732 nec
1625 2697 1816 2748 magno
1853 2696 1950 2730 nec

105 2757 231 2809 forti
267 2762 589 2825 congregato
626 2787 695 2793 —
728 2772 852 2805 nam
890 2755 1124 2806 maxima
1159 2772 1281 2824 pars
1318 2754 1429 2805 eius
1467 2769 1534 2802 ex
1571 2749 1949 2800 mercatoribus

108 2836 220 2879 erat
263 2861 332 2866 —
378 2825 589 2877 obviam
643 2825 834 2876 nostris
890 2825 966 2876 ire
1020 2824 1251 2893 paravit,
1306 2823 1562 2890 pigroque
1610 2817 1948 2887 progrediens

106 2897 330 2961 inceSSU,
367 2895 640 2946 Bawarios
678 2901 729 2946 et
765 2894 1029 2959 Boemios,
1079 2912 1210 2963 quos
1250 2891 1351 2943 sibi
1388 2893 1441 2942 in
1480 2889 1734 2940 auxilium
1773 2888 1949 2938 venire

107 2965 370 3036 sperabat,
402 2965 599 3016 frustra
625 2965 942 3035 expectavit.
1016 2964 1135 3029 Quo
1161 2981 1258 3014 rex
1282 2960 1539 3013 Rodulfus
1566 2958 1760 3022 auditO,
1786 2956 1951 3008 laetus

108 3036 437 3090 obsidionem
489 3034 688 3085 dimisit
738 3033 981 3103 hostique
1037 3051 1193 3085 saevo
1245 3032 1447 3083 saevior
1497 3046 1764 3080 occurrere
1810 3026 1948 3076 festi-

106 3111 268 3159 navit.
352 3105 439 3157 Ad
486 3103 709 3155 fiuvium
765 3104 944 3172 itaque
1001 3104 1092 3173 qui
1146 3109 1367 3154 vocatur
1421 3099 1633 3150 Neokar
1687 3096 1947 3147 exercitus

106 3177 262 3229 ambo
290 3182 651 3227 convenerunt
686 3182 738 3225 et
774 3174 829 3223 in
854 3173 1061 3225 diversa
1085 3173 1202 3241 ripa
1235 3171 1410 3221 animo
1435 3166 1704 3237 pugnandi
1742 3165 1947 3215 diverso

106 3288 144 3331 a)
171 3291 225 3321 ita
252 3291 293 3329 2;
321 3290 413 3320 deest
442 3291 473 3320 l.
575 3287 615 3330 b)
643 3296 784 3319 nomen
814 3289 844 3319 1.
876 3283 930 3318 lb.
1035 3284 1068 3325 c)
1097 3285 1201 3315 nulle
1230 3285 1262 3316 1.

109 3370 154 3423 1)
188 3370 292 3410 Iun.
328 3370 379 3419 4,·
411 3368 488 3409 sed
519 3368 600 3409 hoc
618 3370 788 3422 festum
822 3372 924 3407 teste
946 3363 1167 3406 Bernoldo
1203 3360 1326 3414 apud
1347 3355 1688 3412 Hirsauqz'enses
1722 3352 1949 3394 monachos·

105 3430 347 3472 celebravit.
422 3429 484 3469 W.
