2204 3765
53 703 140 737 Gen.
159 704 238 743 1,2.

262 65 315 103 10
755 64 952 105 BRUNO
985 65 1064 104 DE
1098 65 1292 105 BELLO
1327 65 1633 107 SAXONICO.

256 202 786 270 Babenbergensema
836 204 1214 271 episcopatum,
1262 212 1368 254 tam
1405 202 1563 254 rebus
1601 205 1832 256 exterius
1881 204 2099 258 divitem

259 289 415 340 quam
463 272 785 339 sapientibus
832 273 1070 340 personis
1117 273 1256 322 intus
1292 271 1662 338 venerabilem,
1712 274 1919 325 cuidam
1955 293 2099 326 man-

257 341 380 410 goni
431 342 574 392 dedit
629 343 789 391 immo
835 358 930 409 pro
985 340 1355 392 inaestimabili
1409 342 1635 409 pecunia
1688 341 1952 408 vendidit,
2008 345 2101 413 qui

258 410 442 461 melius
492 411 690 462 sciebat
726 427 968 460 nummos
1004 419 1245 461 monetae
1284 409 1563 460 cuiuslibet
1599 411 1890 477 aestimare,
1940 430 2100 482 quam

258 490 458 531 textum
499 479 776 531 cuiuslibet
800 478 933 544 libri,
972 498 1037 530 110
1065 478 1239 531 dicam
1263 478 1552 546 intelligere
1577 478 1660 530 vel
1686 497 1966 548 exponere,
2004 481 2101 533 sal-

257 558 362 599 tem
410 549 717 617 regulariter
762 550 1115 617 pronuntiare.
1189 548 1295 613 Qui
1331 557 1443 599 tum
1479 548 1534 597 in
1571 565 1720 599 sacro
1760 549 1932 600 officio
1969 551 2101 620 vigi-

257 618 355 668 liae
402 617 623 686 pascalis
669 618 893 686 primam
945 636 1011 669 ex
1055 635 1199 669 more
1235 617 1515 668 lectionem
1555 634 1733 668 coram
1773 617 2101 686 sapientibus

258 686 458 738 clericis
496 687 881 756 pronuntiavit:
922 688 1102 738 ‘Terra
1128 694 1301 737 autem
1329 694 1440 737 erat
1465 687 1634 737 inanis
1662 694 1714 737 et
1737 704 1904 738 vacca
1920 687 1945 737 !'
1982 688 2100 757 ipse

255 757 518 821 nimirum,
568 755 687 807 licet
735 754 900 824 bipeS,
946 773 1112 807 vacca
1148 756 1302 807 bruta
1340 764 1391 807 et
1428 756 1569 806 omni
1605 754 1867 824 probitate
1903 757 2099 808 vacua!

255 829 377 896 Ipse
416 838 605 890 tamen,
647 826 886 893 quamvis
923 842 1020 876 nec
1058 842 1152 875 suo
1189 843 1286 875 nec
1315 824 1584 889 ecclesiae,
1625 843 1783 894 quam
1808 826 1921 893 ipse
1949 827 2103 894 quasi

255 895 538 963 regendam
571 902 864 962 acceperat,
903 911 1033 944 auro
1059 902 1301 962 parceret
1326 902 1384 944 ut
1408 896 1632 961 gratiam
1658 895 1796 962 regis
1824 893 2101 961 obtineret,

256 961 372 1035 ipso
419 982 541 1032 rege
588 962 895 1015 consiliante
945 963 1241 1031 deponitur,
1299 972 1350 1013 et
1397 963 1730 1031 episcopatus
1785 962 1875 1014 alii
1929 963 2099 1031 datur,

256 1054 360 1085 non
400 1035 488 1103 qui
525 1034 633 1084 vita
671 1043 722 1084 et
751 1032 1006 1101 sapientia
1032 1051 1058 1082 e
1078 1033 1344 1100 iiscopatu
1370 1032 1436 1082 sit
1461 1032 1684 1099 dignior,
1724 1031 1817 1083 sed
1845 1033 1937 1102 qui
1961 1033 2101 1102 regis

256 1104 576 1173 flagitiorum
615 1103 782 1153 maior
817 1104 871 1152 in
910 1102 1051 1151 omni
1091 1119 1152 1151 us
1190 1101 1372 1152 fuisset
1408 1108 1700 1152 assentator
1715 1112 1749 1152 ¹.

400 1175 477 1225 16.
551 1173 693 1223 Inter
729 1171 858 1222 haec
897 1171 1071 1221 omnia
1106 1172 1210 1221 iam
1237 1168 1463 1221 abeunte
1488 1169 1857 1236 adolescentia,
1895 1188 2021 1222 mox
2045 1178 2106 1223 ut

257 1241 604 1294 Adalbertum
644 1242 984 1291 Bremensem
1031 1240 1342 1308 episcopum
1388 1247 1574 1290 nactus
1614 1248 1692 1291 est
1729 1239 2101 1307 consiliarium,

258 1313 425 1380 ipsius
477 1310 809 1361 suasionibus
857 1309 1034 1378 coepit
1078 1310 1132 1358 in
1180 1308 1400 1359 desertis
1463 1307 1592 1359 locis
1636 1307 1768 1360 altos
1815 1317 1866 1360 et
1915 1316 2105 1360 natura

257 1382 485 1431 munitos
523 1388 725 1431 montes
764 1396 1029 1448 quaerere.
1069 1386 1120 1429 et
1155 1378 1209 1427 in
1245 1377 1325 1427 his
1362 1377 1665 1428 huiusmodi
1701 1377 1913 1430 castella
1947 1377 2105 1430 fabri-

260 1468 392 1513 care,
446 1467 580 1518 quae
628 1450 671 1500 si
717 1450 769 1498 in
818 1447 946 1498 locis
997 1447 1418 1515 competentibus
1456 1456 1668 1512 starent,
1715 1448 1902 1515 ingens
1939 1465 2102 1516 regno

256 1519 646 1569 firmamentum
684 1516 838 1568 simul
875 1525 926 1569 et
963 1524 1326 1568 ornamentum
1362 1516 1547 1568 forent.
1611 1516 1849 1580 Quorum
1873 1517 2106 1586 primum

259 1596 309 1640 et
346 1588 637 1639 maximum
675 1586 1007 1654 Hartesburg
1053 1584 1364 1654 appellavit3
1412 1585 1553 1654 quod
1598 1586 1672 1636 ita
1707 1585 1831 1637 forti
1866 1604 2016 1637 muro
2055 1594 2107 1639 et

257 1658 491 1709 turribus
539 1666 589 1708 et
637 1657 802 1725 portis
849 1656 1077 1707 exterius
1127 1655 1369 1718 munivit,
1418 1657 1492 1706 ita
1536 1654 1803 1724 regalibus
1847 1655 2104 1707 aedificiis

257 1727 397 1777 intus
444 1726 734 1792 adornavit,
784 1724 885 1777 tale
931 1725 1306 1775 monasterium
1356 1725 1411 1774 in
1455 1725 1571 1793 ipso
1619 1725 1927 1788 construxit,
1975 1725 2105 1777 tales

260 1805 473 1846 ornatus
519 1796 573 1845 in
615 1797 730 1863 ipso
778 1794 1095 1845 monasterio
1144 1792 1434 1859 collocavit,
1484 1792 1613 1845 tales
1663 1801 1714 1845 et
1761 1801 1838 1846 tot
1887 1793 2105 1846 clericos

257 1864 380 1915 111110
418 1864 651 1932 undique
679 1864 1034 1932 congregavit,
1074 1863 1182 1913 utib
1209 1861 1409 1932 aliquot
1435 1862 1763 1931 episcopales
1787 1863 1933 1914 locos
1960 1864 2104 1914 omni

258 1952 351 1985 suo
378 1943 637 2003 apparatu
663 1935 1046 2003 aequiperaret,
1072 1931 1273 2000 aliquot
1298 1933 1456 1983 etiam
1481 1932 1890 1984 transcenderet.
1947 1933 2107 1997 Quic-

259 2003 384 2072 quid
437 2011 646 2054 ornatus
697 2003 1041 2054 ecclesiastici
1079 2000 1365 2071 quemlibet
1403 2003 1710 2070 episcopum
1747 2002 1915 2070 magis
1952 2001 2105 2053 deco-

256 2091 373 2123 rum
412 2072 629 2124 videbat
665 2071 874 2136 habere,
929 2072 1037 2122 sive
1074 2078 1358 2139 praecepto
1398 2071 1507 2121 sive
1543 2071 1790 2140 precibus
1827 2080 2107 2141 acceptum

259 2160 352 2192 suo
400 2142 717 2192 monasterio
757 2139 1001 2191 studebat
1037 2140 1289 2192 conferre.
1366 2139 1554 2191 Cetera
1590 2158 1713 2191 vero
1754 2138 1966 2192 castella
2000 2158 2107 2192 non

259 2219 366 2262 tam
413 2210 596 2279 pulcra
648 2228 805 2279 quam
856 2210 1011 2261 fortia
1057 2228 1170 2260 esse
1215 2207 1507 2260 laborabat.
1591 2209 1789 2261 Beatus
1845 2218 1895 2263 et
1947 2208 2106 2262 valde

257 2279 443 2331 beatus
484 2288 633 2344 esset,
674 2280 717 2329 si
755 2280 1070 2331 munitiones
1109 2278 1320 2329 easdem
1359 2288 1541 2330 contra
1576 2297 1812 2348 paganos
1838 2280 2107 2332 erexisset.

258 2349 393 2399 Nam
448 2350 549 2417 ipsi
603 2350 707 2399 iam
764 2348 964 2400 dudum
1019 2356 1111 2399 aut
1166 2366 1346 2400 omnes
1389 2348 1610 2400 fuissent
1658 2348 1955 2415 christiani,
2012 2358 2106 2402 aut

261 2418 558 2469 christianis
613 2417 944 2486 principibus
999 2418 1387 2486 imperpetuum
1442 2417 1718 2469 tributarii.
1817 2418 1924 2470 Sed
1977 2419 2108 2471 haec

260 2486 590 2538 castellorum
647 2486 867 2538 diversis
915 2487 970 2537 in
1014 2486 1143 2537 locis
1193 2487 1510 2538 constructio
1556 2487 1727 2555 primo
1782 2488 2104 2540 nostratibus

257 2556 471 2625 puerilis
526 2556 681 2607 ludus
735 2556 1034 2622 videbatur,
1082 2556 1205 2624 quia
1259 2556 1493 2606 nondum
1544 2557 1654 2607 eius
1702 2558 1921 2609 intentio
1969 2557 2108 2609 mala

259 2625 688 2695 cognoscebatur.
763 2626 833 2677 Et
868 2644 973 2676 non
1011 2623 1179 2676 solum
1217 2644 1279 2676 ea
1316 2625 1444 2691 fieri,
1481 2625 1642 2675 nichil
1677 2625 1849 2677 adhuc
1886 2627 2109 2695 periculi

258 2697 515 2760 timentes,
557 2713 676 2745 cum
715 2695 819 2745 iam
855 2702 1071 2763 possent
1106 2712 1213 2745 non
1239 2693 1605 2764 prohibebant,
1642 2713 1825 2745 verum
1853 2696 2012 2746 etiam
2038 2715 2108 2749 ex

257 2765 356 2815 hoc
394 2783 512 2815 eum
550 2764 661 2815 fore
700 2773 882 2815 contra
917 2764 1156 2816 nationes
1195 2773 1402 2816 exteras
1440 2763 1748 2814 bellicosum
1788 2766 1939 2832 quasi
1979 2765 2107 2817 divi-

257 2841 456 2897 nanteS,
503 2833 570 2883 ad
614 2834 757 2902 ipsas
797 2832 1189 2884 aedificationes
1227 2852 1347 2883 eum
1384 2832 1469 2883 vel
1508 2833 1697 2900 opibus
1734 2834 1818 2884 vel
1856 2834 2106 2902 operibus

258 2902 593 2955 adiuvabant.
657 2903 943 2971 Postquam
981 2920 1105 2953 vero
1143 2901 1408 2970 praesidia
1445 2903 1500 2952 in
1536 2901 1665 2970 ipsis
1693 2901 1918 2954 castellis
1947 2903 2104 2956 collo-

261 2980 378 3022 cata
417 2979 705 3040 coeperunt
741 2972 795 3021 in
834 2971 1051 3022 circuitu
1092 2972 1196 3021 sui⁰
1233 2970 1601 3040 praedationes
1623 2988 1798 3040 agere,
1835 2990 1943 3024 non
1983 2991 2108 3026 suos

260 3120 295 3160 a)
325 3121 565 3159 Bavenburg.
596 3123 626 3152 1.
730 3119 767 3160 b)
795 3120 846 3150 ita
874 3121 969 3158 edd.;
997 3123 1037 3151 ut
1066 3122 1105 3159 23
1134 3121 1198 3152 ubi
1228 3122 1258 3152 1.
1363 3120 1397 3160 c)
1425 3121 1476 3151 ica
1504 3122 1545 3160 23
1573 3129 1640 3151 suo
1671 3122 1704 3152 1.

263 3238 305 3287 1)
338 3235 636 3276 Herimannus
679 3251 720 3277 a.
758 3236 887 3275 1065.
930 3250 1024 3276 cum
1060 3237 1323 3278 Adalbertus
1366 3237 1493 3277 rebus
1532 3243 1766 3289 praeesset,
1810 3239 2106 3292 episcopatum

260 3297 371 3347 emit,
404 3297 479 3336 sed
514 3311 552 3337 a.
592 3297 720 3336 1075.
751 3310 832 3348 per
867 3296 1122 3350 Gregorc'um
1166 3297 1269 3338 VII.
1306 3297 1525 3349 depositus
1558 3304 1633 3349 est,
1669 3311 1750 3349 quo
1772 3299 1899 3351 facto
1933 3300 2107 3353 Ruper-

260 3363 348 3395 tum
381 3371 458 3397 rex
491 3355 686 3397 instituit.
762 3357 817 3399 W.
