2204 3765
559 100 759 142 BRUNO
793 102 876 141 DE
911 103 1109 144 BELLO
1146 103 1459 146 SAXONICO.
1871 114 1928 151 37

84 235 186 287 sibi
221 251 326 285 non
365 234 726 303 subiacebant,
763 237 962 305 gloriae
1002 257 1128 291 suae
1164 239 1357 290 famam
1386 242 1584 292 cunctis
1617 242 1930 298 laudandam
1955 270 2056 301 1075.

82 305 474 356 transmitteret.
539 305 677 370 Quia
714 324 838 358 vero
878 307 1201 359 crudelitatis
1227 310 1474 377 antiquae
1501 328 1606 360 non
1644 314 1932 380 inimemor,

81 373 256 426 timeri
299 382 505 424 tantum
552 393 650 426 nec
695 376 860 426 amari
901 375 1145 440 curabat,
1196 395 1292 427 nec
1334 378 1571 429 Saxones
1619 380 1718 430 sibi
1757 383 1934 435 fideles

80 459 179 493 nec
225 441 354 494 alias
401 445 483 494 sui
526 444 679 511 regni
724 445 959 495 nationes
1007 444 1226 495 devotas
1274 445 1524 511 habebat,
1578 456 1629 498 et
1666 451 1935 518 ingentem

81 511 227 580 apud
265 521 473 563 exteras
511 522 695 580 gentes
732 511 965 576 laudem,
1006 531 1164 581 quam
1204 526 1383 581 posset
1409 514 1626 581 habere,
1667 519 1935 597 perdebat.

80 580 284 632 Amicis
332 582 471 633 enim
518 599 625 632 non
677 582 848 630 minus
900 599 1058 649 quam
1107 581 1348 633 hostibus
1397 584 1621 636 crudelis
1657 589 1778 651 tuit,
1836 591 1938 639 nisi

82 649 227 719 quod
273 651 329 699 in
376 650 576 700 amicos
614 649 974 701 crudelitatem
1019 651 1165 718 prius
1206 653 1511 718 exercebat,
1564 667 1619 706 ut
1658 656 1832 708 hostes
1872 678 1937 710 ex

79 718 181 769 hoc
220 727 615 787 cognoscerent,
654 718 782 787 quid
821 718 923 768 sibi
962 718 1197 770 futurum
1235 731 1521 789 sperarent.

219 788 302 839 56.
387 787 712 838 Ekkibertia
777 787 1005 856 denique
1069 789 1413 856 marchionis,
1484 794 1572 860 qui
1639 795 1937 847 Saxonibus

80 854 285 907 nullum
322 856 519 907 fecerat
556 856 841 921 auxilium,
895 857 986 907 sed
1026 859 1167 926 regi,
1217 868 1400 928 utpote
1438 861 1590 912 valde
1639 866 1936 933 propinquo

79 943 288 995 genere,
327 933 438 977 toto
477 926 653 976 animo
680 924 907 990 favebat,
934 929 1292 994 possessiones
1329 931 1475 996 prius
1511 932 1709 982 invadit
1747 952 1939 1002 casque

85 994 358 1048 Othelrico
377 996 415 1060 b,
462 994 674 1046 cuidam
715 994 779 1046 de
819 995 925 1045 suis
966 995 1290 1062 consiliariiS,
1331 998 1560 1050 donavit.
1622 1001 1724 1050 Hic
1766 1002 1941 1054 Othel-

79 1065 224 1116 ricus
280 1064 345 1116 de
396 1064 720 1117 Grodesheim
778 1064 1031 1115 oriundus
1084 1065 1210 1131 fuit,
1265 1077 1316 1118 et
1371 1069 1493 1136 quia
1542 1069 1644 1120 Dei
1699 1072 1941 1122 timorem

78 1136 292 1204 penitus
330 1134 612 1199 abiecerat,
655 1132 1020 1185 Godeshaz⁰·¹
1062 1152 1322 1203 agnomen
1359 1136 1605 1203 habebat,
1658 1141 1781 1207 quia
1819 1160 1941 1193 vere

80 1223 149 1257 ex
188 1204 309 1255 odio
347 1203 455 1255 Dei
491 1212 735 1269 venerat,
789 1203 933 1271 quod
982 1202 1067 1254 ille
1111 1208 1224 1271 regi
1261 1204 1587 1258 familiariter
1623 1207 1943 1262 adhaerebat

78 1273 328 1343 regisque
356 1280 587 1324 mentem
614 1290 712 1342 pro
740 1290 834 1323 suo
861 1270 993 1323 velle
1021 1272 1350 1342 disponebat.
1409 1275 1617 1328 Deinde
1644 1286 1942 1329 nostrorum

77 1344 220 1396 bona
277 1343 634 1412 captivorum,
694 1360 830 1411 quae
886 1342 1015 1410 ipsis
1066 1360 1279 1395 manere
1331 1343 1594 1397 debebant
1643 1348 1848 1415 integra
1899 1349 1942 1398 si

77 1412 210 1464 fides
247 1411 433 1463 fuisset
469 1413 518 1463 ei
554 1412 787 1480 integra,
834 1413 943 1462 suis
990 1412 1235 1481 para-sitis
1273 1412 1521 1482 largitur,
1570 1423 1621 1466 et
1659 1434 1792 1485 quae
1833 1418 1941 1468 suis

78 1482 412 1552 principibus
455 1483 510 1532 in
555 1499 651 1533 nos
697 1480 839 1532 bona
884 1482 1156 1549 promisit,
1214 1492 1403 1534 cuncta
1452 1486 1717 1536 mentitur.
1792 1486 1941 1537 Tunc

79 1553 239 1604 urbes
278 1560 330 1603 et
377 1550 590 1603 castella
640 1551 726 1602 vel
765 1569 1110 1620 quascunque
1147 1552 1465 1605 munitiones
1503 1553 1674 1605 adhuc
1711 1554 1942 1607 habebat

80 1621 344 1687 Saxonia,
401 1622 508 1672 suis
565 1621 886 1690 sequacibus
943 1621 1354 1688 commendavit,
1412 1630 1462 1674 et
1516 1633 1573 1674 ut
1627 1642 1721 1692 per
1774 1632 1938 1676 totam

77 1691 347 1760 regionem
387 1690 723 1758 tyrannidem
762 1698 1070 1741 exercerent
1107 1691 1404 1760 imperavit.

217 1761 302 1812 57.
375 1759 580 1811 Natalis
632 1759 887 1811 dominici
924 1759 1285 1826 festivitatem,
1342 1760 1435 1811 ubi
1474 1761 1623 1814 1076.
1662 1779 1830 1813 annus
1869 1762 1936 1814 ab

75 1830 437 1881 incarnatione
490 1830 711 1881 Domini
766 1829 1071 1892 inchoatur,
1131 1831 1434 1881 convocatis
1490 1830 1556 1881 ad
1614 1849 1668 1883 se
1725 1850 1936 1882 suarum

75 1900 309 1969 partium
348 1900 663 1969 episcopisd,
711 1901 886 1950 animo
935 1917 1043 1950 non
1091 1898 1279 1951 festivo
1321 1898 1594 1952 Goslariae
1635 1899 1935 1966 celebravit,

78 1971 203 2039 quia
250 1969 444 2021 festum
493 1968 676 2021 salutis
722 1967 984 2020 humanae
1033 1970 1357 2038 principium
1404 1969 1615 2022 Ottonis
1672 1971 1934 2021 occisione

75 2038 304 2091 nefanda
353 2040 711 2091 contaminare
758 2039 1045 2108 disposuit,
1098 2057 1256 2107 quem
1296 2037 1538 2090 Christus
1576 2038 1643 2090 ad
1681 2039 1933 2090 honorem

77 2127 201 2161 suae
256 2109 546 2161 nativitatis
601 2108 787 2160 eadem
842 2109 1013 2176 gratia
1067 2107 1378 2160 mirabiliter
1432 2110 1650 2177 eripuit,
1709 2126 1812 2178 qua
1866 2109 1934 2160 ad

73 2178 406 2230 liberandum
453 2196 620 2247 genus
667 2180 956 2229 humanum
1005 2179 1123 2245 ipso
1171 2187 1406 2247 tempore
1444 2178 1592 2229 Deus
1629 2177 1783 2229 homo
1822 2178 1934 2229 fieri

75 2247 259 2302 voluit.
344 2248 483 2299 Nam
541 2249 720 2317 ipsum
782 2248 973 2298 ducem
1018 2248 1284 2316 Ropertoe
1340 2246 1774 2316 Babenbergensi
1828 2248 1933 2314 epi-

77 2335 240 2386 scopo
281 2317 603 2369 servandum
641 2318 1004 2382 commiserat,
1062 2325 1114 2368 et
1150 2318 1432 2386 episcopus
1471 2336 1591 2368 eum
1628 2319 1683 2368 in
1721 2315 1932 2368 castello

77 2387 327 2457 quodam,
367 2387 493 2439 dum
530 2388 645 2455 ipse
683 2395 929 2455 pergeret
954 2386 1022 2437 ad
1050 2395 1252 2438 curtem
1277 2387 1496 2455 regiam,
1535 2385 1786 2438 militibus
1825 2387 1932 2437 suis

77 2457 483 2509 custodiendum
533 2457 837 2508 tradiderat.
910 2455 984 2507 At
1031 2475 1128 2508 rex
1182 2455 1308 2507 illuc
1364 2457 1610 2524 episeopo
1666 2457 1933 2507 nesciente

75 2527 221 2579 misit
256 2526 552 2596 ducemque
591 2527 657 2577 ad
696 2545 751 2577 se
792 2526 914 2577 duci
950 2527 1238 2594 praecepit,
1275 2528 1349 2577 ita
1387 2534 1443 2577 ut
1475 2534 1771 2594 temporum
1809 2525 1932 2575 vici-

74 2596 176 2648 bus
213 2597 430 2648 mutatis
466 2614 561 2664 per
596 2604 776 2647 noctes
813 2597 950 2647 irent
986 2604 1037 2647 et
1074 2613 1169 2665 per
1207 2595 1318 2646 dies
1346 2595 1579 2646 noctium
1606 2595 1722 2645 vice
1761 2595 1933 2662 quies·

77 2674 269 2722 cerent.
345 2665 586 2734 Cumque
632 2666 686 2716 in
723 2665 899 2717 media
940 2672 1094 2717 nocte
1132 2682 1164 2715 a
1201 2672 1427 2733 quatuor
1469 2665 1681 2715 armatis
1718 2664 1932 2714 inermis

73 2737 191 2805 ipse
230 2735 421 2787 ductus
461 2733 761 2787 Goslariam
795 2735 1042 2801 venisset,
1084 2743 1135 2786 et
1171 2733 1246 2785 illi
1283 2753 1378 2803 per
1416 2741 1614 2785 curtem
1641 2732 1707 2783 ad
1746 2732 1932 2783 silvam

74 2805 289 2858 tendere
325 2804 634 2871 voluissent,
671 2813 799 2856 tunc
835 2806 1069 2874 primum
1105 2802 1364 2856 intellexit
1402 2803 1542 2872 quod
1578 2803 1632 2851 in
1670 2800 1801 2852 silva
1847 2800 1932 2852 ser

76 2875 316 2927 occidere
362 2875 494 2927 iussi
547 2874 782 2926 fuissent.
854 2875 1027 2944 Igitur
1073 2892 1162 2925 eos
1213 2880 1388 2942 rogat,
1442 2880 1501 2922 ut
1554 2871 1653 2922 sibi
1702 2870 1768 2921 ad
1822 2887 1931 2920 mo-

73 2945 361 2996 nasterium
402 2963 551 2996 orare
589 2944 760 2996 liceat.
823 2943 982 3009 Quod
1018 2944 1068 2995 ei
1095 2961 1216 2994 cum
1245 2942 1428 2993 fuisset
1453 2947 1720 3009 negatum,
1759 2940 1930 2991 subito

75 3015 231 3066 unius
266 3015 505 3083 ipsorum
543 3013 780 3082 gladium
818 3012 1253 3082 comprehenditg
1290 3031 1386 3081 per
1423 3009 1684 3078 capulum,
1725 3018 1775 3060 et
1811 3026 1931 3058 cum

77 3102 201 3136 ense
247 3084 389 3135 nudo
438 3084 616 3135 invitis
662 3082 765 3134 illis
815 3084 883 3134 ad
922 3083 1161 3153 episcopi
1205 3083 1287 3132 sui
1325 3080 1558 3132 custodis
1597 3077 1930 3129 cubiculumh

75 3187 112 3228 a)
140 3189 330 3220 Erriberti
359 3191 391 3220 1.
423 3184 485 3227 1¹³3
520 3188 679 3220 Ekberti
716 3189 948 3219 marchionis
986 3189 1031 3219 de
1065 3187 1289 3218 Bruneswic
1318 3186 1349 3216 2.
1459 3183 1497 3224 b)
1526 3185 1576 3214 ita
1604 3184 1649 3221 23
1688 3182 1865 3214 Otherico
1896 3182 1927 3211 1.

76 3234 120 3268 1b
146 3238 202 3268 hic
227 3242 258 3268 et
283 3238 396 3278 infra.
499 3236 532 3278 e)
560 3238 612 3267 ita
641 3238 681 3276 23
723 3237 920 3269 Godeshez
951 3239 993 3276 13
1035 3236 1250 3268 Godeshetz
1281 3231 1335 3266 lb.
1438 3232 1474 3272 d)
1505 3241 1563 3272 ep.
1602 3240 1685 3262 cum
1717 3229 1930 3268 frequentia

75 3295 168 3318 suae
208 3287 328 3326 partis
368 3287 585 3326 principum
628 3286 660 3318 2.
763 3285 798 3326 e)
839 3286 1005 3326 Roperte
1046 3286 1086 3324 13
1140 3285 1306 3315 Roberto
1348 3284 1380 3314 2.
1497 3279 1526 3320 f)
1568 3289 1606 3311 se
1647 3280 1779 3310 furtim
1821 3287 1851 3309 ο.
1895 3278 1927 3307 2.

75 3333 114 3377 g)
140 3344 246 3375 appr.
275 3336 308 3366 2.
406 3334 447 3376 h)
473 3336 682 3374 hospitium
710 3336 743 3366 2.

77 3412 123 3468 1)
157 3414 186 3456 i.
221 3428 257 3456 e.
292 3414 441 3455 odium
473 3413 574 3455 Dei.
638 3413 690 3452 P.
