2204 3765
4 0 45 166 Ξ
570 63 767 103 BRUNO
800 64 880 103 DE
913 65 1109 105 BELLO
1145 66 1452 109 SAXONICO.
1911 79 1934 116 7

14 192 33 252 ’ζ’
94 199 236 263 Quia
273 215 437 248 unum
476 206 657 250 contra
694 201 805 251 eius
843 201 1167 253 voluntatem
1193 202 1328 254 dixit
1354 203 1589 271 verbum,
1629 207 1711 259 vel
1739 219 1935 277 tacens,

26 272 31 274 ’
89 266 306 336 aliquod
344 266 457 317 eius
495 267 771 319 consilium
809 269 910 320 sibi
940 288 1047 321 non
1072 270 1292 339 placere,
1329 280 1483 340 gestu
1510 273 1742 342 quolibet
1768 286 1935 329 osten-

90 335 184 387 dit.
248 333 441 386 Multos
479 353 707 406 namque
746 338 1072 390 consiliarios
1110 337 1352 404 habebat,
1390 341 1482 391 sed
1518 342 1690 394 nullus
1728 346 1773 396 ei
1812 346 1935 399 darc

90 402 370 456 consilium
395 405 641 468 audebat,
670 407 770 457 nisi
799 407 940 475 quod
966 408 1068 475 ipsi
1095 406 1340 475 placeret.
1404 410 1460 460 Si
1489 413 1606 479 quis
1632 411 1714 463 vel
1741 415 1935 467 inscius

88 471 291 542 aliquid
340 473 482 542 quod
517 473 677 526 nollet
714 477 761 526 ei
801 475 1123 540 consulebat,
1170 476 1418 528 delictum
1458 480 1599 547 quod
1638 481 1937 548 ignoranter

15 579 17 581 -
87 549 298 610 egerat,
355 543 436 593 sui
491 544 761 611 sanguinis
817 544 1069 595 effusione
1125 543 1317 596 luebat.
1407 547 1518 598 Nec
1573 548 1730 599 alicui
1786 570 1934 603 suam

87 610 487 663 demonstrabat
522 613 670 678 iram,
710 612 877 663 donec
914 613 1123 663 incauto
1162 613 1359 666 faceret
1395 616 1585 668 auferri
1624 619 1802 672 vitam.

231 680 311 730 11.
385 680 615 745 Quidam
664 680 728 732 de
780 682 1073 732 secretariis
1124 683 1231 733 suis
1279 686 1487 736 nomine
1540 685 1830 752 Conradus,
1873 722 1936 728 —

87 748 292 800 iuvenis
329 749 601 801 nobilitate
639 758 690 800 et
727 750 961 801 moribus
998 751 1236 818 insignis,
1276 753 1320 802 si
1359 753 1457 804 hoc
1496 754 1662 805 solum
1703 757 1749 806 ei
1788 758 1935 809 Deus

86 815 335 883 dedisset,
385 826 444 868 ut
493 817 822 869 consiliarius
869 820 1008 887 regis
1047 838 1339 888 numquam
1377 822 1562 875 fuisset
1601 857 1658 863 —
1703 825 1786 876 hic
1826 835 1936 878 erat

89 885 320 955 quadam
369 886 452 937 die
504 885 801 953 Goslariae,
859 895 1030 939 certus
1082 907 1135 940 se
1185 902 1291 940 tam
1341 891 1472 943 benc
1521 894 1743 961 gratiam
1794 897 1933 963 regis

88 953 301 1021 habere,
353 955 490 1006 sicut
537 964 664 1007 tunc
715 973 833 1007 cum
880 975 996 1008 eain
1045 956 1273 1010 habebat
1324 961 1534 1028 optime.
1608 963 1722 1013 Rex
1761 974 1934 1015 autem

88 1031 202 1076 erat
225 1024 281 1074 in
307 1023 668 1092 Hertesburga
707 1024 934 1091 castello,
976 1044 1079 1095 quo
1106 1030 1343 1095 praeterb
1372 1048 1477 1095 eos,
1517 1032 1605 1099 qui
1643 1031 1934 1083 facinorum

90 1093 258 1162 ipsius
305 1100 453 1144 erant
501 1094 699 1144 conscii
745 1102 794 1145 et
829 1094 1073 1161 fautores,
1123 1095 1297 1147 nullus
1335 1099 1435 1149 nisi
1472 1101 1681 1151 nomine
1720 1109 1936 1153 vocatus

87 1161 426 1214 ascendebat.
486 1163 652 1214 Mittit
689 1181 815 1230 ergo
853 1183 948 1216 rex
991 1163 1304 1231 Goslariam,
1342 1168 1529 1219 iubens
1568 1176 1624 1219 ut
1663 1168 1937 1221 Conradus

89 1230 160 1282 ad
199 1249 253 1283 se
301 1232 554 1283 citissime
604 1233 795 1297 veniat,
844 1243 895 1285 et
932 1233 1133 1284 nullum
1169 1245 1377 1303 praeter
1413 1238 1728 1305 armigerum
1771 1257 1936 1304 suum,

91 1301 186 1371 qui
235 1319 290 1352 se
337 1302 616 1352 comitetur
658 1311 906 1354 assumat.
981 1302 1072 1354 Ille
1120 1322 1174 1354 se
1221 1314 1410 1372 putans
1461 1305 1528 1356 ad
1565 1306 1778 1375 aliquod
1818 1326 1936 1358 con-

91 1368 286 1435 silium,
337 1371 421 1421 cui
470 1370 599 1421 nulli
643 1380 852 1439 praeter
899 1391 952 1423 se
989 1370 1166 1424 liceret
1204 1373 1402 1439 adesse,
1453 1377 1645 1440 vocari,
1686 1385 1741 1426 ut
1778 1376 1936 1427 fidem

92 1457 244 1490 suam
294 1440 549 1491 maiorem
597 1441 908 1507 ostenderet,
956 1443 1112 1492 etiam
1160 1441 1277 1511 plus
1331 1461 1487 1512 quam
1535 1444 1708 1495 iussus
1756 1445 1938 1496 fuisset

91 1507 236 1574 fecit,
284 1517 334 1560 et
382 1510 496 1578 ipse
534 1528 658 1560 suus
697 1511 925 1579 armiger
961 1510 1147 1575 factus,
1188 1514 1387 1562 cunctis
1426 1514 1755 1565 incomitatus
1793 1516 1936 1582 equi-

91 1579 240 1629 tavit.
313 1578 459 1645 Ergo
506 1579 720 1629 veniens
770 1580 825 1629 in
874 1579 1058 1630 silvam
1101 1580 1234 1631 vidit
1280 1581 1526 1646 insidias,
1576 1601 1671 1633 nec
1719 1583 1939 1634 credidit

93 1664 184 1699 eas
233 1647 333 1699 sibi
379 1656 614 1715 paratas3
667 1657 844 1699 tamen
882 1650 1021 1717 quia,
1061 1656 1242 1716 utpote
1281 1649 1436 1716 solus,
1474 1659 1671 1701 tantam
1711 1651 1937 1703 multitu-

92 1714 275 1767 dinem
323 1716 513 1780 timuit,
570 1716 847 1768 ecclesiam
898 1735 1032 1786 quae
1081 1736 1247 1786 prope
1297 1727 1407 1769 erat
1456 1719 1689 1770 celeriter
1738 1721 1937 1787 petivit.

93 1785 436 1837 Burchardus
496 1785 775 1836 Misnensis
833 1785 1164 1855 praefectus,
1230 1788 1380 1837 huius
1438 1786 1697 1838 latrocinii
1757 1788 1942 1839 ductor

94 1855 468 1924 nequissimus,
516 1855 585 1905 ad
634 1854 913 1907 ecclesiam
963 1856 1214 1924 sequitur,
1263 1856 1428 1924 eique,
1479 1857 1521 1906 si
1571 1855 1696 1907 velit
1745 1858 1940 1925 egredi,

94 1923 240 1993 quod
275 1922 439 1974 nichil
472 1923 597 1974 mali
632 1925 864 1991 patiatur
900 1926 956 1974 in
982 1942 1076 1974 sua
1101 1924 1205 1974 fide
1230 1924 1521 1993 pollicetur.
1583 1924 1675 1976 Ille
1701 1927 1941 1994 quamvis

93 1994 145 2045 ei
189 1991 386 2044 nullam
430 1992 589 2044 fidem
635 1992 868 2059 haberet,
918 2001 1095 2044 tamen
1145 1994 1314 2045 sciens
1355 1994 1498 2063 quod
1535 1995 1578 2044 si
1615 2002 1800 2062 sponte
1838 2013 1942 2045 non

93 2063 279 2129 exiret,
318 2061 572 2115 ecclesiae
609 2081 716 2113 non
753 2071 1043 2131 parcerent,
1098 2063 1261 2114 exivit
1297 2063 1515 2131 eiusque
1553 2081 1605 2114 se
1645 2064 1765 2114 fidei
1805 2081 1942 2114 com-

95 2132 382 2183 mendavit.
457 2132 629 2196 Quem
667 2131 918 2184 ducentes
954 2134 1010 2182 in
1046 2130 1395 2197 solitudinem,
1443 2133 1578 2182 sicut
1615 2142 1761 2183 erant
1797 2133 1942 2198 iussi,

97 2200 379 2252 crudeliter
413 2201 811 2268 interfecerunt3
850 2209 901 2253 et
935 2218 1033 2252 nec
1069 2201 1124 2250 in
1159 2201 1276 2270 ipsa
1312 2209 1478 2252 morte
1517 2202 1565 2252 ei
1593 2219 1751 2269 quare
1778 2219 1942 2252 more-

95 2278 241 2323 retur
264 2270 645 2322 indicaverunt.
706 2270 817 2323 Nec
853 2288 1087 2340 unquam
1124 2289 1247 2321 vere
1275 2271 1524 2338 cognovit
1548 2269 1753 2339 aliquis,
1781 2288 1942 2338 quare

94 2338 282 2391 fuisset
320 2340 541 2405 occisus,
578 2340 681 2390 nisi
718 2339 932 2408 quidam
970 2339 1333 2404 mussitabant,
1373 2338 1514 2408 quod
1549 2337 1623 2388 illi
1659 2358 1754 2390 rex
1779 2340 1943 2407 impo-

93 2416 260 2475 neret,
300 2409 426 2478 quia
465 2427 584 2459 cum
623 2409 853 2477 quadam
892 2409 1188 2460 concubina
1225 2426 1318 2459 sua
1354 2408 1614 2459 iacuisset.
1690 2407 1795 2460 Sed
1832 2426 1941 2473 rex,

97 2485 158 2530 ut
195 2479 549 2547 suspicionem
593 2480 776 2529 mortis
824 2479 936 2529 eius
975 2496 1006 2528 a
1042 2480 1125 2529 *se
1162 2476 1380 2542 tolleret,
1430 2486 1669 2528 auctores
1708 2476 1977 2528 eiusdem*
1988 2502 2027 2533 p.
2042 2493 2128 2527 333.

94 2549 299 2613 mortis,
338 2564 468 2616 quos
504 2546 708 2598 latitare
745 2547 813 2599 ad
848 2546 1032 2598 horam
1058 2547 1296 2612 iusserat,
1333 2547 1578 2615 persequi
1604 2546 1670 2597 ab
1699 2544 1941 2597 omnibus

94 2617 281 2668 amicis
320 2617 426 2668 suis
463 2617 710 2684 imperat3
750 2625 802 2668 et
836 2615 984 2667 illum
1022 2615 1228 2684 sepeliri
1265 2617 1320 2665 in
1344 2615 1458 2666 loco
1484 2615 1609 2666 fecit
1633 2613 1941 2679 honorabili,

91 2687 210 2756 ipse
257 2687 368 2738 eius
413 2686 712 2755 sepulturae
760 2687 921 2738 tristis
965 2685 1214 2749 interfuit,
1262 2693 1313 2736 et
1347 2692 1405 2735 ut
1447 2683 1514 2734 ad
1564 2684 1739 2734 onmia
1785 2684 1941 2734 simu—

96 2754 256 2807 landa
303 2755 489 2807 doctus
528 2762 653 2822 erat,
699 2773 805 2806 non
840 2772 1027 2823 parum
1061 2753 1395 2804 lacrimarum
1432 2752 1580 2803 fudit.
1656 2751 1762 2803 Sed
1798 2750 1943 2815 nulli,

95 2826 229 2895 quin
266 2833 417 2889 esset,
457 2825 594 2876 sicut
631 2835 756 2891 erat,
796 2830 1081 2894 praecepto
1119 2823 1258 2891 regis
1296 2823 1516 2885 occisus,
1556 2819 1804 2872 credibile
1830 2819 1943 2871 fuit.

244 2894 323 2945 12.
384 2894 551 2945 Fama
579 2893 694 2960 fuit,
733 2893 876 2963 quod
903 2892 1164 2962 quendam
1191 2892 1256 2943 de
1282 2890 1623 2942 familiaribus
1649 2889 1946 2940 adolescen-

97 2970 207 3015 tem
242 2962 627 3014 nobilissimum
665 2981 759 3014 sua
795 2980 970 3028 manu,
1009 2961 1137 3012 dum
1175 2961 1325 3030 quasi
1361 2961 1637 3024 iocaretur,
1676 2957 1945 3009 interfece-

99 3034 189 3099 rit3
229 3041 281 3084 et
317 3050 378 3083 eo
415 3032 594 3083 furtim
634 3031 853 3101 sepulto,
891 3032 947 3082 in
973 3031 1198 3081 crastino
1227 3030 1375 3098 quasi
1401 3029 1672 3098 poenitens
1698 3026 1766 3078 ad
1791 3044 1943 3077 suum

99 3102 412 3170 magistrum
449 3100 796 3153 Adalbertum
834 3102 1145 3169 episcopum
1181 3099 1398 3164 venerit,
1437 3107 1488 3150 et
1523 3097 1589 3148 ab
1617 3114 1677 3147 eo
1706 3097 1815 3146 sine
1841 3093 1947 3145 ulla

101 3170 456 3222 satisfactione
503 3169 885 3240 indulgentiam
930 3170 1271 3239 perceperitc.
1347 3166 1454 3219 Sed
1497 3166 1620 3236 quia
1666 3165 1819 3215 huius
1869 3163 1947 3213 rei

102 3319 142 3361 a)
171 3320 428 3353 Hertesburek
457 3322 474 3351 1
512 3320 587 3363 (sed
619 3320 722 3361 infra
747 3317 1048 3360 Hartesburgk);
1085 3317 1343 3350 Hertesburch
1374 3318 1405 3349 2.
1520 3313 1558 3354 b)
1587 3315 1742 3354 propter
1770 3314 1808 3350 13
1837 3318 1945 3351 prae·

99 3372 164 3401 ter
191 3365 247 3402 lb.
279 3371 311 3402 2.
415 3367 448 3409 c)
476 3371 649 3409 pepercit
675 3371 707 3401 1.
