2204 3765
584 92 781 132 BRUNO
814 94 894 132 DE
928 95 1120 136 BELLO
1156 97 1462 140 SAXONICO.
1887 114 1933 151 71

108 227 372 279 ficiuntur.
445 227 534 277 Ex
570 228 762 280 nostris
798 230 976 298 itaque
1001 234 1155 300 primi
1181 233 1415 287 fecerunt
1442 237 1632 306 fugam,
1673 245 1760 310 qui
1797 263 1940 298 num-

109 314 266 366 quam
306 297 483 349 venire
521 295 826 348 debuissent
862 299 930 349 ad
975 318 1223 368 pugnam,
1272 306 1504 374 episcopi
1555 308 1750 361 scilicet
1786 317 1937 365 unius

108 366 351 431 nominis,
390 365 483 416 sed
520 373 579 416 ut
616 366 691 416 ita
729 365 898 417 dicam
937 387 1042 418 non
1072 373 1258 421 unius³
1299 375 1508 439 ominis3
1549 385 1764 446 uterquc
1802 384 1938 434 enim

108 435 453 487 VVerinherus
490 444 727 486 vocatur.
802 435 908 486 Sed
945 438 1449 508 Magcdaburgensis
1485 445 1551 495 ab
1590 446 1769 497 incolis
1807 449 1941 501 illius

106 506 308 574 patriae
345 506 694 572 interceptus,
749 505 1117 557 miserabiliter
1165 510 1442 572 occiditur3
1495 513 1942 580 Merscburgensis

105 592 230 625 vero
269 573 607 642 despoliatus,
645 575 699 623 in
735 575 961 642 patriam
997 575 1170 626 nudus
1207 581 1497 631 revertitur.
1560 584 1712 646 Quod
1752 582 1821 636 illi
1862 607 1942 640 1110

105 643 247 694 nonb
285 644 350 694 ad
392 643 779 707 contumeliam,
831 645 1069 713 quisquis
1108 645 1206 696 1100
1244 645 1384 715 legit,
1434 650 1524 700 scd
1563 652 1758 705 dixisse
1797 667 1943 723 putet

103 712 172 763 ad
208 711 458 780 gloriam,
499 713 623 781 quia
660 711 726 763 ab
754 713 919 781 ipsius
948 732 1035 765 orc
1061 732 1166 765 non
1193 717 1351 768 semel
1377 719 1568 774 audivi.
1609 723 1748 791 quod
1777 725 1939 792 ipsam

103 783 394 833 nuditatem
431 799 535 832 non
574 780 823 832 tolerasse
860 781 1023 834 nollet
1049 802 1142 852 pro
1171 785 1401 853 pondere
1441 789 1672 857 quolibet
1709 795 1820 842 auri
1860 795 1941 845 vel

102 852 325 920 argenti.
409 851 473 902 In
530 851 716 902 eadem
764 851 891 919 fuga
940 862 1060 903 sunt
1108 856 1246 923 capti
1296 856 1627 909 Bernhardus
1677 861 1942 915 Romanae

102 922 243 972 sedis
304 920 742 986 archidiaconus,
815 921 1099 989 Sigifridus
1169 924 1525 994 archipraesul
1585 929 1940 998 Magontinus,

101 989 452 1042 Adalbertus⁶
490 990 894 1041 XVormatiensis
946 992 1242 1061 episcopus.
1331 996 1437 1046 Sed
1488 996 1618 1048 duos
1671 998 1784 1050 illos
1839 1020 1942 1052 non

98 1059 255 1127 longe
293 1068 413 1129 post
458 1060 651 1128 eripuit
685 1059 790 1111 Dei
839 1059 1128 1126 clementia,
1178 1064 1358 1114 tertius
1397 1066 1492 1117 iste
1541 1067 1822 1135 perductus
1867 1080 1945 1121 cst

99 1130 154 1180 in
191 1129 430 1181 Heinrici
477 1128 700 1180 crudelis
745 1131 956 1199 tyranni
1004 1134 1375 1199 praesentiam:
1433 1136 1522 1204 qui
1568 1145 1739 1188 tamen
1790 1138 1942 1207 longe

98 1206 246 1267 post,
302 1199 469 1250 invito
518 1207 772 1268 tyranno,
829 1199 1008 1250 divina
1053 1199 1304 1252 liberatur
1352 1204 1724 1256 misericordia.
1798 1209 1941 1273 Quos

100 1286 282 1321 omnes
321 1268 446 1338 quia
483 1267 669 1320 melius
697 1268 934 1320 sciebant
959 1269 1190 1338 psalmos
1219 1280 1445 1336 cantare,
1485 1291 1543 1325 00
1585 1275 1724 1342 quod
1762 1279 1939 1328 nutriti

99 1338 197 1390 sub
233 1337 486 1406 religione
526 1347 719 1402 essent,
768 1357 926 1408 quam
962 1340 1196 1408 legiones
1234 1350 1458 1393 armatas
1494 1343 1562 1394 ad
1601 1344 1733 1396 bella
1771 1346 1942 1415 dispo-

96 1427 238 1474 nere,
279 1407 388 1460 solo
414 1409 531 1460 visu
567 1409 938 1477 proeliantium
964 1428 1148 1460 versos
1182 1411 1235 1460 in
1260 1410 1455 1480 fugam,
1495 1422 1635 1465 tanta
1664 1415 1940 1467 multitudo

99 1479 352 1548 sequitur,
410 1485 468 1529 ut
515 1498 610 1530 rex
655 1488 822 1530 totum
870 1480 1158 1530 exercitum
1206 1479 1413 1548 penitus
1450 1482 1606 1551 fugae
1646 1503 1698 1534 50
1737 1484 1940 1537 dedisse

95 1548 454 1600 arbitraretur.
531 1549 678 1613 Quos
716 1567 836 1599 cuin
875 1568 971 1600 rex
1018 1567 1117 1600 nec
1166 1552 1442 1602 victoriam
1490 1562 1684 1604 certam
1730 1556 1941 1622 promit-

96 1619 274 1684 tendo,
311 1635 410 1669 nec
437 1620 742 1670 servitutem
768 1628 1078 1688 perpetuam
1104 1620 1205 1670 nisi
1230 1619 1449 1672 fuissent
1473 1623 1665 1673 reversi
1694 1624 1938 1676 minando

97 1688 357 1758 potuisset
392 1706 659 1753 revocare,
698 1687 869 1739 solum
908 1707 962 1740 se
989 1687 1228 1740 relictum
1268 1708 1386 1741 cum
1413 1693 1594 1759 paucis
1620 1693 1938 1759 existimans,

97 1758 274 1827 coepit
311 1760 440 1838 ‘ipse
497 1759 651 1809 etiam
708 1757 963 1827 paulatim
1024 1760 1332 1812 revertendo
1392 1760 1654 1813 Saxoniac
1708 1762 1936 1814 finibusd

96 1846 544 1897 appropinquare.

238 1898 319 1953 97.
394 1899 603 1949 interea
640 1898 822 1963 nostri,
862 1899 953 1967 qui
989 1898 1148 1949 fortes
1186 1899 1424 1950 hostibus
1464 1918 1517 1951 se
1546 1901 1711 1968 primo
1752 1903 1938 1953 miscu-

95 1975 259 2033 erant,
310 1967 471 2018 nichil
509 1967 573 2018 de
610 1976 731 2036 post
767 1975 917 2036 terga
962 1966 1156 2020 relictis
1206 1969 1443 2029 scientes,
1488 1970 1799 2021 adversariis
1837 1971 1939 2022 for-

95 2038 237 2089 tibus
261 2037 420 2088 fortes
445 2038 774 2101 resistebant,
801 2039 972 2088 minus
994 2056 1117 2088 vero
1138 2037 1359 2089 fortibus
1376 2048 1394 2071 θ
1421 2038 1601 2090 fortius
1628 2041 1938 2106 insistentes,

96 2125 186 2159 eos
223 2107 379 2176 fugae
428 2106 752 2176 praesidium
799 2117 978 2176 petere
1030 2107 1428 2177 compellebant.
1502 2109 1584 2160 Ibi
1622 2108 1834 2178 quidam
1874 2111 1938 2161 de

95 2178 290 2228 nostris
327 2177 689 2229 adversarium
717 2177 816 2228 sibi
842 2177 1028 2228 videns
1057 2179 1286 2242 obvium,
1326 2177 1468 2230 velut
1503 2197 1654 2230 suum
1694 2179 1939 2231 salutavit

97 2248 319 2312 socium,
373 2247 579 2299 dicens:
635 2247 846 2300 ‘Sancte
883 2247 1079 2299 Petre!'
1136 2247 1277 2316 quod
1333 2266 1523 2299 nomen
1563 2248 1798 2300 Saxones
1858 2267 1937 2300 110

97 2317 339 2387 symbolo
377 2318 628 2369 tenebant
666 2335 848 2369 omnes
886 2318 940 2367 in
978 2336 1081 2374 ore,
1156 2317 1249 2369 Ille
1275 2336 1400 2369 vero
1427 2319 1644 2368 nimium
1684 2269 1938 2386 superlms

97 2395 150 2439 et
185 2395 389 2439 tantum
439 2386 677 2438 deridere
724 2405 918 2438 nomen
967 2405 1203 2452 exorsus,
1249 2388 1301 2438 in
1353 2389 1464 2439 eius
1513 2388 1707 2439 vertice
1753 2389 1937 2440 librato

95 2475 372 2509 mucrone:
411 2456 575 2522 ‘Hoc',
612 2458 798 2526 inquit,
840 2457 952 2508 ‘tibi
987 2465 1109 2508 tuus
1135 2457 1320 2508 Petrus
1358 2458 1516 2508 mittit
1553 2475 1645 2525 pro
1683 2458 1937 2509 111111101οΓ

93 2536 148 2579 01
183 2527 418 2578 nondum
466 2545 764 2578 sermonem
801 2528 1006 2578 finierat
1040 2534 1224 2592 totum,
1276 2545 1396 2577 cum
1444 2525 1673 2595 gladium
1715 2526 1937 2577 Saxonis

92 2596 308 2650 alterius
345 2598 401 2647 in
439 2599 653 2649 cerebro
690 2597 936 2662 habebat,
975 2597 1222 2648 dicentis:
1262 2597 1348 2647 ‘Et
1382 2595 1480 2647 hoc
1514 2594 1708 2648 habeas
1748 2614 1936 2646 munus

94 2687 164 2720 ex
199 2675 348 2738 parte
383 2668 460 2719 tui
497 2667 753 2732 Heinrici,
791 2668 1003 2736 tyranni
1039 2666 1415 2718 insanientisr*

235 2737 316 2790 98.
392 2736 743 2805 Hardwigusf
793 2745 920 2789 tunc
971 2736 1266 2804 Magontini
1311 2733 1565 2805 praesulis
1617 2732 1932 2803 archicapel-

93 2807 261 2875 lanus,
306 2807 362 2857 in
398 2807 584 2859 eodem
624 2807 708 2858 die
758 2815 879 2876 post
919 2824 1115 2856 annum
1163 2805 1348 2857 urbem
1390 2804 1933 2872 Magedaburgensem

93 2876 455 2947 archipraesul
497 2878 848 2945 ingressurus,
903 2875 968 2927 ab
1016 2874 1242 2926 hostium
1291 2873 1637 2937 multitudine,
1686 2891 1751 2924 ne
1798 2871 1933 2924 ullus

95 2949 144 3000 ei
197 2946 346 2999 locus
396 2955 533 2999 esset
580 2946 855 3012 evadendi,
912 2952 988 2997 est
1044 2944 1447 2995 circumdatus&
1536 2942 1635 2994 Cui
1691 2960 1806 2993 cum
1861 2941 1935 2993 illi

94 3017 242 3069 velut
290 3023 446 3086 capto
491 3016 769 3068 illudentes
807 3016 1054 3078 dicerent,
1107 3015 1230 3083 quia
1275 3013 1519 3066 libentius
1559 3030 1676 3063 eum
1721 3021 1844 3062 tunc
1881 3012 1935 3061 in

95 3088 268 3157 gratia
305 3087 506 3138 domini
556 3087 653 3153 sui,
702 3087 836 3137 sicut
874 3084 995 3136 olim
1030 3083 1143 3148 fuit,
1194 3084 1506 3152 aspicerent,
1552 3080 1636 3132 ille
1685 3082 1819 3132 sicut
1855 3081 1934 3130 vir

94 3156 328 3226 prudens
364 3157 439 3207 ita
473 3157 790 3225 temperavit
824 3171 1151 3223 responsum,
1206 3162 1263 3204 ut
1309 3170 1406 3204 nec
1452 3150 1783 3202 mendacium
1821 3167 1935 3218 pro-

93 3228 269 3294 ferret,
320 3234 372 3278 et
414 3234 593 3278 tamen
640 3244 729 3277 eos
774 3223 1001 3277 fallendo
1051 3221 1343 3292 periculum
1380 3238 1628 3291 praesens
1668 3219 1934 3271 devitaret.

96 3367 133 3409 a)
164 3370 290 3401 minus
319 3371 352 3402 1.
465 3368 504 3409 b)
531 3369 583 3398 ica
612 3364 676 3408 1¹³3
705 3368 796 3399 deest
823 3369 856 3399 1.
968 3365 1001 3407 c)
1031 3366 1163 3398 Adelb.
1193 3366 1233 3402 1;
1261 3362 1408 3394 Athelb.
1437 3363 1468 3393 2.
1571 3359 1607 3400 d)
1637 3360 1684 3390 ita
1714 3360 1756 3398 2;
1782 3359 1870 3389 deest
1901 3359 1933 3388 1.

93 3415 132 3459 e)
156 3418 273 3450 fortes
302 3420 334 3450 1.
434 3416 464 3458 f)
491 3418 719 3456 Herdwigus
750 3419 789 3456 13
814 3416 1061 3448 Hardewicus
1090 3410 1144 3445 lb.
1244 3412 1280 3453 g)
1309 3410 1611 3442 circumvallatus
1640 3404 1693 3439 lb.

1961 276 2063 306 1¹¹7&

1957 324 2044 359 Aug).
2061 324 2091 353 7.

1955 2688 2009 2729 *p.
2026 2690 2108 2721 368.
