2204 3765
247 106 304 144 94
720 105 920 145 BRUNO
954 104 1035 142 DE
1071 104 1268 144 BELLO
1306 104 1619 146 SAXONICO.

121 256 228 288 1080.
246 243 408 293 michi
446 244 594 294 scire.
667 241 772 292 Alii
810 258 1041 310 namque
1079 241 1341 306 dicebant,
1382 241 1506 310 quia
1542 241 1624 292 bis
1656 261 1686 292 a
1711 241 1911 311 proelio
1939 243 2103 296 disce-

158 304 229 337 θα·
248 311 409 364 debat
445 314 630 375 victus,
679 309 905 379 amplius
953 329 1070 361 eum
1109 311 1371 362 fortunam
1411 309 1597 380 proelii
1641 312 1778 363 nolle
1827 321 2102 381 temptare,

248 382 340 434 sed
377 382 569 432 nostris
620 389 730 430 arte
768 397 863 430 sua
902 379 1137 448 deceptis
1176 397 1422 448 magnam
1459 387 1662 448 partem
1700 381 1931 449 regionis
1967 381 2101 434 velle

249 451 570 513 comburere,
623 450 802 517 sicque
853 450 963 500 sine
1013 448 1213 517 proelio
1265 450 1415 519 quasi
1466 468 1587 499 cum
1635 451 1890 502 victoriae
1936 450 2104 519 gloria

249 538 370 571 suas
410 521 462 569 in
500 528 674 588 partes
714 517 994 584 declinare,
1039 519 1129 570 scd
1167 522 1391 571 inscium
1429 518 1661 570 fluminis
1701 520 1854 571 huius
1889 520 2104 589 profun-

248 590 478 640 didatem
518 589 816 652 incurrisse,
855 589 1036 657 sicque
1076 599 1333 649 coactum,
1383 589 1507 658 quia
1550 607 1655 640 non
1692 589 1844 641 facile
1882 590 2104 642 transire

248 668 467 726 poterat,
506 657 703 726 proelio
744 676 797 707 se
837 659 1175 709 commisisse.
1250 658 1359 709 Alii
1385 677 1509 709 vero
1538 657 1810 727 putabant,
1846 658 1987 728 quod
2011 668 2103 710 exa

247 728 505 778 industria
542 725 931 777 malivolentiae
970 728 1107 777 hunc
1145 746 1355 796 pugnae
1382 727 1623 796 elegisset
1648 727 1838 794 locum,
1879 728 1971 780 ubi
1996 729 2105 780 suis

249 797 440 866 quibus
479 814 583 846 non
622 796 754 848 benc
795 795 1043 847 credebat
1080 807 1171 848 aut
1207 798 1409 849 fortiter
1452 806 1591 849 esset
1614 798 1976 866 pugnandum,
2014 806 2106 850 aut
2175 813 2179 815 ’

246 867 413 934 turpis
464 867 620 934 fugae
671 866 966 935 praemium
1017 866 1313 935 periculum
1371 867 1518 917 fluvii
1565 868 1913 920 subeundum.
1995 867 2104 918 Alii

246 954 371 987 vero
413 936 720 999 credebant,
770 935 912 1004 quod
958 936 1077 987 ideo
1116 937 1358 1004 regiones
1396 935 1511 987 illas
1548 945 1773 1006 peteret,
1820 937 1944 1007 quia
1980 937 2104 988 Mis-

246 1007 486 1056 nensiuin
513 1004 598 1056 vel
624 1006 980 1069 Boemiorum,
1019 1024 1113 1074 pro
1143 1006 1335 1076 quibus
1360 1005 1560 1075 legatos
1586 1008 1814 1072 miserat,
1847 1006 2105 1058 auxilium

249 1085 509 1144 speraret,
551 1076 639 1143 qui
678 1077 720 1125 si
762 1074 878 1139 sibi,
919 1076 1055 1127 sicut
1089 1076 1418 1145 expectabat,
1455 1077 1675 1129 fuissent
1712 1077 1942 1143 adunati,
1980 1075 2136 1128 inde.

246 1163 342 1213 per
390 1145 704 1213 Merseburg
754 1152 805 1195 et
847 1144 1217 1214 Magedaburg
1277 1155 1327 1198 et
1375 1165 1470 1215 per
1514 1147 1815 1198 universam
1864 1154 2106 1216 potenter

247 1215 506 1266 transiens
536 1214 841 1280 Saxoniam,
881 1223 1068 1266 cuncta
1105 1224 1285 1285 posset
1321 1215 1647 1285 depopulari,
1687 1235 1880 1286 saeque
1914 1218 2104 1286 imper-

247 1295 463 1354 petuum
503 1285 742 1336 subicere
781 1284 1140 1336 dominationi.

161 1354 232 1391 00‘·
393 1355 506 1406 122.
580 1354 749 1423 Igitur
796 1353 1082 1405 Heinricus
1131 1355 1316 1405 castris
1372 1355 1426 1404 in
1474 1354 1681 1406 Elstrae
1738 1355 1857 1423 ripa
1904 1354 2104 1420 locatis,

174 1405 477 1475 15’013511110
515 1442 668 1474 mane
705 1423 878 1492 primo
917 1441 1038 1474 suas
1064 1425 1205 1475 acies
1233 1423 1509 1493 disposuit,
1550 1427 1673 1493 quia
1699 1424 1893 1476 nullam
1919 1423 2106 1493 proelii

246 1511 448 1544 moram
486 1511 581 1562 per
620 1512 675 1544 se
713 1493 827 1544 fieri
865 1492 1055 1545 voluit:
1096 1511 1217 1544 cum
1245 1511 1365 1546 ecce
1392 1495 1556 1545 nostri
1586 1494 1751 1546 multa
1775 1495 2108 1546 festinatione

247 1562 404 1614 simul
443 1573 496 1615 et
531 1563 732 1614 itineris
759 1564 1042 1631 asperitate
1068 1563 1291 1632 fatigati,
1329 1562 1506 1614 multis
1543 1564 1597 1614 in
1633 1565 1721 1614 via
1757 1565 1922 1633 praeb
1961 1563 2107 1615 lassi-

246 1633 429 1684 tudine
467 1632 731 1684 derelictis
769 1633 1075 1699 adveniunt,
1124 1644 1175 1685 et
1211 1633 1485 1685 audientes
1525 1634 1668 1703 quod
1704 1633 1880 1687 hostes
1918 1641 2108 1701 essent,

247 1711 461 1755 econtra
511 1704 621 1754 sine
667 1721 814 1753 mora
861 1722 917 1754 se
956 1703 1023 1753 ad
1074 1703 1436 1755 defensionem
1487 1705 1686 1771 patriae
1737 1714 1892 1756 511010(Ξ
1930 1704 2106 1773 dispo-

246 1783 393 1824 nunt.
470 1771 606 1824 Cum
634 1790 758 1824 vero
785 1773 988 1842 pedites
1016 1773 1300 1824 admodum
1339 1776 1497 1842 pauci
1525 1792 1638 1825 esse
1651 1774 1689 1839 d,
1727 1773 1969 1844 plurimis
2000 1792 2108 1826 non

245 1841 544 1895 valentibus
583 1844 749 1912 sequi,
798 1844 1244 1911 conspicerentur,
1299 1862 1479 1894 01111105
1519 1845 1608 1913 qui
1644 1862 1750 1895 non
1787 1845 1912 1895 satis
1948 1843 2109 1896 fortes

248 1931 412 1982 equos
450 1912 731 1979 habebant,
772 1932 839 1964 ex
878 1913 1144 1983 equitibus
1182 1915 1386 1983 pedites
1425 1914 1539 1964 fieri
1574 1914 1846 1981 iubentur3
1892 1922 1944 1965 et
1979 1922 2108 1966 tunc

251 1983 477 2034 ordinati
513 1982 750 2034 hostibus
790 1983 1002 2034 obviam
1051 1983 1306 2052 paulatim
1352 1983 1776 2052 progrediuntur.
1849 1983 2108 2054 Episcopi

249 2071 378 2103 vero
429 2051 644 2103 clericos
693 2071 873 2104 omnes
926 2053 1017 2122 qui
1064 2052 1297 2120 aderant,
1348 2061 1407 2104 ut
1453 2053 1714 2122 psalmum
1765 2055 1895 2106 82¹¹¹¹¹
1941 2053 2107 2107 multa

250 2122 530 2174 devotione
569 2131 840 2174 cantarent
887 2122 1275 2176 ammonebant.
1349 2123 1635 2175 Exercitus
1673 2130 1849 2174 autem
1897 2125 2108 2193 utrique

248 2193 318 2243 ad
356 2192 603 2262 paludem
643 2211 776 2262 quae
814 2201 1034 2244 vocatur
1074 2192 1283 2245 Gronae
1323 2202 1694 2258 convenerunt,
1745 2202 1796 2245 et
1833 2195 1956 2263 quia
1994 2195 2106 2246 sine

247 2262 385 2314 vado
424 2262 574 2332 palus
614 2271 739 2328 erat,
788 2263 1052 2314 exercitus
1099 2264 1256 2314 ambo
1295 2263 1595 2315 dubitantes
1631 2263 1707 2315 ibi
1745 2263 2106 2326 substiterunt,

249 2342 300 2384 et
337 2331 525 2383 alteros
564 2331 729 2399 alteri,
767 2342 826 2385 ut
861 2333 1062 2401 priores
1099 2333 1167 2384 ad
1205 2352 1259 2384 se
1296 2340 1579 2399 transeant,
1618 2333 1916 2402 opprobriis
1941 2338 2107 2386 incre-

249 2411 451 2471 panteS,
490 2403 700 2471 utrique
728 2421 877 2453 suam
903 2403 1073 2471 ripam
1097 2404 1283 2455 inmoti
1309 2411 1604 2455 tenuerunt.
1675 2403 1914 2456 Tandem
1941 2404 2108 2455 nostri

251 2482 411 2541 caput
445 2473 610 2541 ipsius
656 2472 864 2541 paludis
918 2491 1025 2523 non
1072 2472 1229 2542 longe
1278 2491 1392 2525 0550
1430 2481 1824 2541 cognoscenteS,
1872 2472 1941 2524 ad
1975 2472 2108 2525 illud

249 2541 559 2607 tendebant3
612 2560 716 2611 quo
754 2544 868 2594 viso
908 2544 1155 2594 contrarii
1202 2561 1370 2613 aequo
1408 2544 1594 2595 itinere
1641 2543 1708 2594 ad
1747 2542 1972 2595 eundem
2008 2550 2107 2595 ter-

249 2613 451 2662 minum
502 2611 708 2680 paludis
754 2612 1062 2681 pergebant.
1148 2613 1232 2665 Ibi
1283 2632 1403 2665 cum
1457 2613 1513 2663 in
1561 2621 1673 2664 tuto
1722 2613 2110 2680 convenissent,

252 2700 561 2733 conseruere
611 2701 815 2748 manus,
867 2691 918 2734 et
963 2684 1227 2752 utrimque
1264 2683 1504 2735 fecerunt
1549 2683 1846 2735 miserabile
1884 2682 2106 2735 facinus.

249 2751 533 2803 Heinricus
572 2761 766 2818 autem,
815 2771 943 2803 mox
978 2761 1038 2803 ut
1075 2770 1164 2803 eos
1200 2753 1436 2804 vicissim
1474 2753 1684 2805 misceri
1722 2754 2013 2822 conspexit,
2052 2771 2108 2805 se

250 2822 385 2873 sicut
423 2821 605 2873 solitus
644 2829 755 2873 erat
790 2823 845 2872 in
880 2822 1058 2891 fugam
1097 2822 1258 2875 dedit.
1332 2823 1615 2874 Exercitus
1652 2841 1777 2874 vero
1816 2824 1926 2874 eius
1963 2829 2110 2874 tanta.

249 2892 441 2943 virtute
486 2892 677 2943 nostris
728 2892 979 2956 instabat,
1029 2900 1087 2943 ut
1132 2892 1482 2962 quibusdamf
1529 2899 1678 2961 terga
1726 2891 1989 2957 dantibus,
2039 2892 2105 2944 ad

250 2959 459 3011 illorum
498 2970 667 3012 castra
703 2960 864 3011 fallax
900 2962 1042 3012 fama
1077 2964 1297 3027 veniret,
1336 2981 1472 3031 quae
1512 2961 1750 3014 Saxones
1788 2981 1903 3014 esse
1938 2963 2107 3014 victos

253 3047 340 3081 ore
375 3030 639 3082 mendacii
674 3033 989 3082 nuntiaret‘o'.
1062 3031 1314 3100 Dumque
1351 3031 1620 3100 praesules
1665 3032 1754 3101 qui
1792 3031 2106 3084 Heinricum
2177 3036 2197 3098 J

251 3099 591 3164 adiuvabant,
631 3118 750 3150 cum
790 3102 897 3151 suis
925 3099 1127 3152 clericis
1167 3102 1258 3152 ‘Te
1285 3101 1463 3152 Deum
1487 3100 1777 3152 laudamus’
1814 3102 2106 3170 gaudentes
2184 3114 2197 3170 ἢ

253 3177 513 3234 canerent,
564 3170 724 3221 ecceh
763 3169 1066 3240 Rappodoi,
1116 3190 1251 3222 unus
1299 3171 1363 3222 de
1411 3172 1630 3222 summis
1682 3170 2108 3242 principibusk·1,

252 3272 289 3313 a)
319 3274 408 3304 deest
438 3276 470 3306 1.
548 3272 587 3315 b)
615 3275 705 3306 deest
735 3277 767 3308 1.
845 3274 877 3315 c)
907 3276 998 3306 deest
1028 3278 1068 3315 13
1096 3286 1162 3308 sue
1189 3287 1226 3317 p.
1255 3278 1288 3309 2.
1364 3276 1400 3317 d)
1431 3281 1558 3310 essent
1585 3279 1619 3308 1.
1697 3275 1733 3318 e)
1761 3277 1813 3308 ita
1841 3277 1880 3316 23
1911 3276 2039 3308 Grono
2069 3278 2108 3309 1.

250 3323 280 3362 f)
310 3324 446 3362 quibus
476 3325 507 3356 1.
597 3325 634 3365 g)
664 3328 844 3357 cantaret.
872 3324 1056 3364 Rappodo
1089 3328 1118 3358 1.
1152 3322 1210 3366 lb3
1237 3327 1433 3358 nuntiaret
1459 3343 1502 3350 —
1530 3327 1739 3366 gaudentes
1766 3330 1904 3366 recepta
1929 3335 1946 3356 e
1974 3327 2006 3366 2,
2045 3324 2109 3356 ubi
2165 3329 2172 3341 ·

252 3376 435 3403 canerent
460 3372 598 3411 leqitur.
711 3372 751 3414 h)
780 3376 832 3404 ita
860 3375 902 3413 2,·
929 3375 1018 3405 deest
1048 3377 1078 3406 1.
1192 3374 1220 3416 i)
1249 3375 1406 3408 Rabodo
1435 3376 1455 3407 2
1581 3373 1621 3415 k)
1651 3385 1687 3416 p.
1723 3376 1896 3416 parcium
1930 3374 2106 3407 Heinrici
2172 3382 2183 3406 ἱ

224 3461 228 3465 θ
251 3421 524 3461 apportabatur
552 3422 584 3453 2.

255 3500 300 3554 1)
339 3497 482 3541 Comes
508 3499 740 3552 palatinus
773 3501 1027 3544 Bawariae.
1100 3503 1158 3543 W.
