2204 3765
100 241 209 274 1081.

102 290 206 321 Febr.

91 3092 200 3124 Mart.

18 3170 83 3212 '‘p.
116 3172 198 3204 384.

233 91 318 129 100
721 92 921 132 BRUNO
956 91 1038 131 DE
1073 92 1272 132 BELLO
1309 92 1628 133 SAXONICO.

227 228 442 279 tandam
492 231 823 292 convenisse,
872 247 970 280 nec
1018 248 1072 280 se
1123 237 1298 281 tantae
1345 248 1458 280 esse
1509 230 1822 298 sapientiae,
1872 238 1929 281 ut
1976 238 2087 283 tam

226 316 474 366 magnam
523 317 634 350 rem
685 317 753 350 ex
789 299 1078 366 improviso
1117 308 1459 367 praesumant
1508 299 1769 367 agendam
1816 300 2085 368 accipere3

226 369 535 435 praesertim
576 386 696 418 cum
734 385 841 418 non
879 366 948 417 ad
984 385 1039 418 se
1078 366 1264 432 solum,
1310 368 1402 420 sed
1439 368 1502 419 ad
1543 386 1723 436 regem
1761 376 2086 438 cunctosque

225 454 389 504 regno
428 438 539 487 eius
581 435 820 487 subditos
859 437 1120 504 pertinere
1157 436 1414 489 videatur.
1487 437 1773 505 Rogabant
1816 446 1992 489 autem
2030 445 2088 489 ut

225 505 293 556 ab
341 506 489 556 initio
528 505 820 570 Februarii,
873 506 1016 575 quod
1066 513 1191 557 tunc
1242 515 1367 571 erat,
1417 525 1586 575 usque
1636 507 1703 557 ad
1754 506 2088 558 medietatem

225 575 365 625 Iunii
404 593 511 643 pax
549 593 617 625 ex
655 584 877 644 utraque
916 584 1063 643 parte
1102 576 1331 640 daretur,
1371 576 1508 626 intra
1547 575 1689 644 quod
1727 584 1936 644 tempus
1964 594 2087 627 con-

223 653 386 694 ventu
422 644 560 694 facto
600 644 784 694 eadem
823 662 999 710 causa,
1050 663 1209 713 quam
1247 646 1412 696 nostri
1450 662 1589 696 nunc
1627 663 1784 710 agere
1824 644 2086 711 volebant,

224 713 493 762 communi
540 713 700 763 totius
751 715 900 779 regni
948 715 1114 781 partis
1164 715 1437 783 utriusque
1489 714 1705 765 consilio
1755 723 2085 766 tractaretur.

224 781 401 831 Nostri
439 799 563 832 vero
604 781 752 833 dolos
802 781 1010 832 illorum
1059 784 1433 851 percipientes,
1484 785 1607 852 quia
1652 791 1933 852 propterea
1977 794 2087 836 tam

223 850 440 918 longum
467 859 674 919 tempus
701 852 849 919 pacis
878 850 1072 904 habere
1098 852 1361 917 volebant,
1400 861 1458 904 ut
1487 853 1540 903 hi
1568 855 1659 922 qui
1686 853 1828 904 domi
1853 871 2088 905 remane-

223 921 349 972 bant
387 928 562 972 essent
598 921 712 986 tuti,
764 919 933 972 donec
981 920 1057 972 illi
1095 923 1187 991 qui
1225 923 1280 972 in
1316 921 1525 974 Italiam
1563 922 1859 991 pergebant
1907 932 2088 974 contu-

222 989 434 1040 meliam
473 989 706 1041 facerent
750 990 1070 1058 apostolicae
1118 992 1390 1059 dignitati3
1441 992 1845 1061 responderunt,
1897 1010 1952 1044 se
1988 1009 2088 1044 nec

223 1058 468 1127 decipere
495 1058 627 1110 velle
664 1078 762 1110 nec
789 1060 982 1129 decipi,
1021 1060 1115 1112 sed
1151 1063 1356 1112 firmam
1385 1071 1437 1114 et
1460 1063 1721 1130 integram
1747 1079 1936 1131 pacem
1962 1061 2088 1113 dare

223 1137 275 1179 et
311 1137 488 1196 petere
536 1147 704 1198 usque
755 1129 823 1180 ad
873 1131 1155 1182 terminum
1199 1132 1452 1200 temporis
1496 1132 1770 1201 praedicti.
1845 1132 2087 1202 Cumque

223 1197 296 1247 illi
324 1198 630 1250 Teutonicis
669 1200 930 1265 omnibus,
968 1208 1178 1252 nostrae
1215 1201 1381 1269 partis
1418 1201 1765 1267 adiutoribus,
1805 1218 1993 1269 pacem
2031 1220 2087 1254 se

222 1268 348 1319 dare
387 1269 774 1336 promitterent:
814 1270 1009 1334 ‘Itane',
1051 1269 1186 1321 dixit
1224 1269 1350 1321 Otto
1389 1270 1517 1336 dux,
1565 1276 1677 1322 ‘nos
1716 1270 1934 1322 stolidos
1972 1290 2088 1323 esse

221 1338 434 1404 putatis,
490 1346 547 1388 ut
601 1355 708 1388 non
763 1337 1119 1407 intelligamus
1177 1338 1453 1390 consilium
1496 1348 1706 1391 Vestrae
1753 1339 2089 1392 calliditatis?

222 1407 407 1458 Petitis
461 1407 651 1458 vestris
707 1409 947 1475 partibus
1003 1426 1034 1459 a
1088 1407 1241 1460 nobis
1295 1409 1443 1478 pacis
1500 1410 1862 1475 securitatem,
1918 1409 2087 1462 donec

222 1475 565 1544 apostolicam
603 1478 817 1545 possitis
866 1477 1181 1529 inhonorare
1221 1478 1556 1547 dignitatem:
1604 1487 1655 1530 et
1698 1478 1851 1531 nobis
1897 1497 2089 1549 pacem

222 1555 451 1597 vestram
488 1547 808 1613 promittitis,
849 1546 1017 1599 donec
1054 1546 1200 1598 illum
1240 1549 1332 1618 qui
1368 1557 1608 1600 nostrum
1646 1557 1808 1618 caput
1844 1557 1938 1614 est,
1989 1567 2087 1618 pro

221 1625 394 1667 vestro
441 1614 611 1678 libitu,
662 1618 706 1667 si
752 1616 901 1668 Deus
950 1618 1263 1686 permiserit,
1316 1617 1451 1670 male
1502 1619 1753 1673 tractetis,
1829 1619 1875 1671 Ο
1928 1637 2089 1688 quam

221 1683 361 1736 bona
410 1704 519 1754 pax
565 1685 718 1737 datur
765 1689 990 1755 corpori,
1047 1686 1173 1738 dum
1220 1687 1503 1739 crudeliter
1556 1688 1766 1739 absciso
1824 1687 2088 1741 crudelius

220 1753 458 1805 illuditur
496 1755 685 1823 capiti!
760 1756 906 1824 Ergo
932 1757 1085 1809 nobis
1114 1764 1164 1808 et
1188 1759 1381 1810 nostris
1409 1758 1655 1810 omnibus
1683 1757 1819 1824 date,
1858 1765 1910 1810 et
1934 1758 2088 1810 vobis

221 1832 272 1875 et
295 1825 487 1876 vestris
527 1824 772 1877 omnibus
810 1827 1053 1896 accipite,
1093 1845 1281 1895 pacem
1319 1836 1410 1879 aut
1446 1828 1708 1895 integram
1746 1836 1838 1880 aut
1872 1827 2086 1881 nullam.

222 1893 381 1959 Quod
432 1895 474 1945 si
522 1893 734 1963 plenam
787 1913 974 1964 pacem
1024 1898 1180 1949 nobis
1236 1906 1287 1949 et
1339 1898 1531 1948 nostris
1588 1897 1833 1948 omnibus
1887 1898 2089 1965 amicis,

221 1964 427 2033 magnis
466 1972 517 2015 et
552 1966 748 2033 parviS,
788 1965 912 2016 dare
939 1985 1047 2017 non
1071 1966 1247 2033 vultiS,
1286 1968 1492 2036 pergite
1517 1968 1616 2018 iter
1643 1967 1785 2037 quod
1813 1968 2086 2037 coepistis3

218 2033 317 2084 hoc
355 2042 532 2085 tamen
580 2043 700 2086 ante
747 2035 1037 2103 praedicto,
1086 2036 1229 2105 quod
1278 2038 1332 2087 in
1381 2037 1576 2089 finibus
1614 2038 1801 2089 vestris
1852 2037 2086 2106 hospites

216 2104 321 2154 cito
350 2121 456 2154 non
481 2113 659 2172 gratos
684 2103 965 2171 habebitis,
1004 2123 1104 2157 nec
1129 2125 1212 2158 res
1238 2115 1458 2173 vestras,
1497 2117 1556 2158 ut
1579 2105 1801 2172 velletis,
1841 2106 1908 2159 ab
1935 2106 2090 2160 Italia

217 2173 415 2224 reversi
454 2173 744 2225 custoditas
782 2176 1083 2227 invenietis.
1158 2176 1296 2227 Nam
1334 2176 1436 2228 hoc
1471 2176 1717 2227 nolumus
1754 2195 1849 2228 vos
1900 2175 2086 2244 celare,

219 2242 361 2312 quod
402 2261 521 2293 cum
559 2244 732 2313 primo
771 2247 1078 2313 poterimus,
1117 2264 1283 2296 unum
1322 2255 1581 2298 rectorem
1606 2245 1850 2298 volumus
1874 2246 2087 2315 habere,

218 2314 311 2382 qui
349 2320 399 2364 et
434 2330 529 2363 nos
568 2314 636 2365 ab
674 2314 878 2365 iniuriis
916 2314 1120 2367 fortiter
1144 2315 1430 2368 adiuvante
1455 2316 1576 2367 Deo
1615 2316 1878 2383 defendat,
1916 2324 1969 2368 et
2003 2315 2086 2369 his

217 2383 312 2451 qui
349 2382 502 2433 nobis
537 2383 755 2434 iniurias
781 2383 1017 2436 fecerunt
1041 2386 1322 2455 aequitatis
1349 2388 1525 2438 vicem
1550 2386 1836 2456 rependat'.
1891 2385 2086 2439 Milites

216 2469 344 2519 ergo
384 2451 557 2521 plebei
595 2454 760 2522 partis
799 2454 1051 2506 adversae
1092 2454 1438 2521 conclamant,
1477 2463 1683 2507 nostros
1723 2473 1947 2525 aequam
1972 2475 2086 2508 rem

218 2521 423 2586 offerre,
475 2540 596 2574 suos
634 2524 905 2593 principes
951 2542 1181 2595 aequum
1217 2543 1317 2576 nec
1354 2524 1611 2595 praebere
1647 2544 1747 2577 nec
1783 2526 2082 2595 accipere³3

217 2610 273 2642 se
310 2591 532 2660 posthac
567 2591 633 2643 ad
673 2593 1024 2662 pugnandum
1062 2595 1236 2646 minus
1262 2595 1373 2646 fore
1399 2603 1612 2664 paratos
1640 2613 1799 2665 quam
1829 2595 2083 2648 hactenus

215 2661 455 2727 fuissent,
506 2663 632 2731 quia
681 2681 895 2714 causam
942 2665 1173 2716 iustitiae
1223 2683 1342 2716 cum
1383 2664 1688 2716 Saxonibus
1735 2683 1851 2716 esse
1889 2683 2085 2734 cogno-

216 2732 428 2795 vissent,
466 2730 691 2800 plusque
730 2733 883 2785 nobis
922 2732 1070 2785 illum
1109 2744 1426 2786 conventum
1468 2753 1627 2804 quam
1658 2737 1711 2786 in
1738 2733 1906 2786 tribus
1933 2753 2085 2804 proe-

215 2797 298 2850 liis
325 2802 604 2852 victoriam
631 2801 904 2869 prodesse3
946 2805 1071 2872 quia
1099 2804 1241 2873 quod
1266 2822 1558 2874 numquam
1586 2804 1798 2855 credere
1824 2813 2082 2872 poterant,

215 2880 422 2920 nostros
472 2869 741 2922 humiliter
789 2873 1046 2924 iustitiam
1096 2873 1365 2942 postulare
1422 2873 1581 2924 simul
1629 2882 1681 2925 et
1727 2874 1929 2938 offerre,
1981 2875 2084 2944 ipsi

217 2951 521 3006 praesentes
561 2941 848 2993 audissent.
925 2942 1014 2994 Sic
1052 2943 1117 2994 ab
1156 2944 1383 2995 invicem
1410 2942 1706 3009 discedunt,
1745 2951 1950 2995 tantum
1988 2962 2085 3013 per

219 3018 424 3077 septem
464 3009 576 3060 dies
615 3009 923 3062 altrinsecus
961 3029 1092 3080 pace
1131 3012 1269 3063 data.

364 3079 478 3128 129.
552 3078 836 3130 Heinricus
885 3081 1047 3148 igitur
1092 3081 1318 3133 intrante
1365 3082 1557 3133 Martio
1605 3083 1820 3134 intravit
1855 3082 2082 3148 Italiam,

220 3148 573 3198 seminaturus
613 3158 663 3198 et
700 3149 790 3214 ibi,
829 3151 992 3201 sicut*
1031 3150 1238 3219 pridem
1275 3152 1329 3201 in
1366 3152 1660 3203 Teutonica
1695 3151 1892 3204 fecerat
1927 3160 2081 3215 terra,

221 3216 554 3281 discordiam,
595 3236 698 3287 quo
738 3217 936 3270 nullam
973 3221 1121 3287 regni
1159 3221 1239 3271 sui
1276 3231 1481 3290 partem
1509 3231 1753 3291 pacatam
1780 3221 2082 3288 dimitteret,

221 3286 337 3337 ubib
366 3285 602 3337 civilium
632 3287 887 3339 bellorum
913 3290 1127 3341 venenis
1155 3291 1302 3359 pacis
1326 3291 1557 3360 quietem
1576 3309 1683 3342 non
1703 3302 2080 3361 corrumperet.

220 3408 259 3449 a)
288 3411 482 3449 suscipere
513 3411 543 3441 2.
647 3411 683 3450 b)
714 3413 765 3443 ica
795 3408 858 3451 1¹¹3
888 3417 1000 3452 atque
1033 3416 1062 3445 1.
