2204 3765
734 563 1279 630 PRAEFATIO

528 669 607 708 EX
654 668 882 708 MONUM.
932 667 1108 706 GERM.
1158 664 1494 705 HISTORICIS

771 741 837 775 SS.
866 743 909 774 Τ.
938 742 983 782 V,
1013 751 1046 780 p.
1076 741 1144 772 327
1174 749 1255 779 sqq.

226 836 442 912 Bruno,
497 849 715 898 natione
763 846 932 910 Samo,
972 845 1460 914 Illaydebuo'yensis
1510 844 1755 895 ecclesiae
1804 845 1938 897 clero

91 919 453 985 adscriptus¹‚
477 916 830 985 familiaris2
863 916 986 984 fuit
1037 915 1335 965 IVerinlzeri
1385 914 1796 981 archiepiscopi,
1848 917 1941 983 qui

90 986 210 1039 belli
234 988 373 1038 inter
400 987 722 1037 Heinricum
748 986 842 1036 IV.
883 1002 1056 1053 reyem
1087 992 1132 1034 et
1149 985 1435 1052 principes
1462 982 1742 1035 Saoeoniae
1770 985 1942 1036 eoeorti

89 1075 205 1107 una
231 1075 347 1107 cum
386 1056 569 1107 Ottone
605 1056 738 1107 duce
769 1056 1109 1123 praecipuus
1149 1060 1349 1117 auctor,
1392 1071 1442 1102 a.
1486 1051 1630 1102 1075.
1672 1072 1790 1103 cum
1825 1053 1941 1105 reli-

89 1127 209 1196 quis
235 1126 590 1194 princi-pibus
627 1133 812 1192 sponte
862 1143 962 1174 sua
1012 1125 1130 1192 regi
1178 1142 1229 1174 se
1278 1123 1523 1186 tradidit,
1575 1129 1621 1172 et
1660 1130 1942 1191 postquam

89 1198 148 1247 in
177 1197 428 1263 patriam
464 1196 654 1260 redum,
696 1214 743 1245 a.
790 1193 937 1246 1077.
975 1191 1276 1260 Rodulfum
1314 1191 1611 1243 Suevorum
1661 1191 1845 1242 ducem
1882 1195 1941 1243 in

89 1283 316 1334 reynum
354 1264 664 1328 elevaverat,
705 1284 754 1314 a.
797 1264 946 1315 1078.
986 1281 1050 1313 eat·
1067 1281 1268 1332 puyna
1294 1261 1794 1313 Illelriclzestadensi
1813 1280 1939 1329 pro-

72 1334 257 1403 fuyus
302 1337 443 1385 inter
491 1336 813 1385 rusticorum
862 1352 1058 1384 manus
1108 1332 1367 1384 occubuit.
1445 1329 1545 1382 Cui
1595 1349 1737 1381 anno
1792 1331 1940 1383 1079.

91 1405 394 1473 Hardwiyo
451 1405 856 1472 archiepiscopo
912 1401 1141 1471 suffecto.
1196 1402 1389 1452 Bruno
1449 1401 1521 1451 ad
1575 1401 1943 1452 IVerinherum

89 1474 578 1543 A'lfferseburqqensem
628 1476 960 1541 episcopum,
1001 1473 1233 1539 patroni
1283 1472 1371 1522 sui
1421 1470 1662 1538 defuncti
1713 1472 1943 1522 amicum

90 1551 135 1594 et
174 1545 233 1594 in
273 1544 515 1595 omnibus
555 1563 690 1612 quae
735 1562 840 1611 pro
884 1561 940 1592 re
974 1540 1199 1610 publica
1235 1547 1415 1610 eyerat
1452 1543 1667 1605 socium,
1718 1558 1770 1591 se
1818 1559 1939 1591 con-

90 1612 226 1678 tulit,
266 1621 311 1663 et
349 1615 406 1664 in
431 1613 719 1681 familiam
757 1613 999 1681 episcopi
1035 1618 1325 1679 receptus-3,
1377 1610 1592 1661 domino
1640 1628 1734 1660 suo
1784 1609 1941 1661 dilec-

89 1684 291 1734 tissimo
330 1691 548 1751 gyratum
587 1685 827 1734 animum
876 1689 1199 1743 ostensu-rus,
1252 1697 1396 1730 anno
1439 1678 1622 1729 10824
1670 1680 1812 1745 quod
1850 1698 1939 1747 op-

90 1754 276 1802 timum
326 1760 557 1819 poterat.
612 1752 809 1802 librum
864 1751 926 1802 de
983 1749 1110 1802 bello
1168 1749 1452 1800 Saaeonum
1509 1767 1626 1799 cum
1684 1748 1941 1800 Heinrico

91 1821 289 1873 obtulit.
363 1822 650 1873 Eiusmodi
699 1821 898 1872 donum
948 1822 1066 1871 viro
1105 1838 1256 1887 quem
1296 1819 1592 1869 Tliietmari
1629 1817 1792 1869 libros
1830 1837 1939 1869 ma-

91 1891 251 1943 nibus
288 1893 500 1942 trivisse
538 1892 819 1942 novimus⁵
869 1897 1088 1960 gyratum
1133 1898 1179 1940 et
1225 1895 1496 1956 acceptum
1526 1887 1730 1955 fuisse,
1765 1887 1942 1955 facile

91 1961 343 2014 creditur.
417 1961 610 2013 Bruno
650 1961 889 2012 ‘breviter
927 1967 972 2011 et
1006 1964 1266 2011 veraciter
1299 1960 1437 2009 sicut
1464 1957 1527 2008 ab
1557 1957 1641 2007 liis
1669 1957 1762 2025 qui
1786 1958 1943 2008 rebus

86 2031 453 2101 interfuerant
489 2049 803 2100 coqnoscere
821 2031 1050 2097 poterat'
1082 2028 1423 2081 scribendum
1460 2027 1563 2078 sibi
1598 2029 1891 2096 proposuit
1909 2036 1941 2077 ⁶.

89 2101 213 2169 Ipse
264 2101 476 2171 quidem
524 2102 755 2152 duorum
800 2102 1187 2168 episcoporum.
1240 2100 1336 2165 qui
1384 2116 1589 2166 mayna
1634 2115 1775 2165 pars
1824 2096 1943 2148 belli

91 2178 261 2236 erant,
313 2170 536 2222 consilio
577 2179 827 2239 opereve⁷
876 2170 1109 2234 adiutor,
1163 2187 1296 2237 quae
1335 2187 1454 2219 cum
1490 2168 1664 2236 ipsis⁸
1716 2165 1944 2235 aliisque

89 2259 198 2291 non
236 2239 403 2291 solum
443 2240 724 2292 Saxonum
775 2241 866 2292 sed
905 2247 949 2291 et
987 2239 1476 2291 Heinricianarum
1504 2237 1755 2304 partium
1783 2240 1943 2306 prin-

93 2310 337 2378 cipibus9
377 2310 667 2362 collocutus
706 2317 1050 2379 compererat,
1104 2327 1301 2379 quaeve
1337 2309 1452 2375 ipse
1485 2324 1748 2375 praesens
1796 2307 1941 2357 vide-

90 2387 237 2429 rat¹⁰
293 2380 373 2431 vel
428 2382 488 2431 in
534 2380 776 2448 publicis
825 2380 1166 2431 indubitatae
1208 2378 1351 2444 fidei
1398 2378 1674 2443 scriptis¹1
1725 2375 1941 2445 legerat,

89 2451 374 2500 memoriae
411 2451 659 2501 tradidit.
732 2450 842 2501 Nec
856 2450 995 2516 fidei
1019 2450 1133 2499 eius
1162 2450 1218 2499 in
1245 2448 1557 2498 uni-versum
1585 2445 1766 2513 officit,
1801 2447 1944 2515 quod

79 2521 308 2587 patriae
347 2538 524 2571 amore
563 2528 610 2570 et
646 2521 767 2571 odio
805 2521 1076 2570 servitutis
1104 2519 1296 2569 duct-us
1324 2518 1508 2568 acrius
1534 2518 1594 2566 in
1622 2516 1943 2567 Heinricum

90 2589 441 2656 invehitur¹27
501 2609 662 2658 quum
718 2591 777 2640 in
833 2596 988 2639 tanta
1036 2607 1217 2638 rerum
1272 2587 1612 2638 commotione
1667 2587 1754 2635 vir
1802 2584 1943 2637 nulli

95 2723 140 2777 1)
176 2739 209 2764 c.
245 2723 315 2766 38.
352 2725 421 2764 39.
459 2724 530 2764 40.
658 2724 703 2777 2)
737 2739 769 2765 c.
807 2724 861 2763 38
897 2730 935 2764 et
968 2724 1038 2764 52.
1166 2723 1212 2775 3)
1247 2720 1491 2773 Praefatio.
1627 2718 1674 2771 4)
1715 2719 1833 2772 Opus
1868 2720 1942 2759 ab-

91 2783 216 2826 solvit
240 2792 343 2837 post
384 2786 427 2826 d.
464 2785 534 2826 26.
567 2784 816 2826 Decembris
860 2784 968 2825 anni
1005 2783 1115 2823 1081
1164 2782 1218 2837 (c.
1257 2780 1393 2835 131.),
1440 2779 1742 2833 superstitibus
1783 2780 1943 2821 Werin-

92 2846 194 2886 hero
237 2848 283 2898 (†
326 2861 366 2886 a.
414 2845 580 2899 1093.),
624 2846 888 2887 Burclzardo
930 2843 1298 2886 Halberstadensi
1339 2842 1536 2894 episcopo
1582 2841 1638 2895 (c.
1680 2841 1774 2894 83.)
1819 2839 1866 2893 (ἦ-
1903 2856 1943 2882 a.

96 2905 262 2959 1088.)‚
294 2907 553 2948 Hermanno
593 2922 690 2961 reye
723 2915 761 2949 et
800 2906 948 2948 Ottone
981 2906 1090 2947 duce
1125 2905 1179 2958 (c.
1217 2904 1354 2957 131.),
1395 2917 1577 2956 quorum
1618 2902 1689 2942 ille
1734 2917 1776 2942 α.
1814 2902 1942 2954 1087,

92 2966 160 3006 hic
191 2967 234 3008 ol.
269 2968 308 3008 3.
345 2968 416 3009 Id.
449 2967 661 3008 Ianuarii
694 2983 734 3010 a.
772 2968 902 3009 1083.
936 2967 1054 3009 obiit.
1151 2966 1198 3017 ὃ)
1236 2963 1315 3006 SS.
1337 2963 1434 3014 III,
1465 2978 1510 3016 p.
1537 2963 1637 3002 729.
1726 2962 1772 3016 6)
1806 2963 1942 3003 Prae-

81 3027 214 3079 fatio.
393 3028 437 3082 7)
473 3045 508 3070 c.
544 3030 616 3079 52,
651 3031 706 3082 cf.
742 3044 774 3070 c.
810 3030 881 3070 58.
1063 3026 1110 3080 8)
1147 3026 1212 3079 C'f.
1248 3040 1344 3078 cap.
1379 3025 1451 3066 96.
1480 3025 1548 3065 ‘ab
1577 3023 1717 3076 ipsius
1751 3037 1823 3064 ore
1855 3037 1944 3063 non

93 3089 222 3128 semel
253 3088 434 3129 audivi'.
576 3091 622 3139 9)
658 3106 692 3132 c.
729 3092 798 3131 13.
926 3091 1001 3142 10)
1036 3103 1072 3130 e.
1101 3103 1142 3142 9.
1177 3103 1211 3128 c.
1247 3087 1317 3127 38.
1352 3087 1423 3126 40.
1459 3085 1528 3125 52.
1551 3086 1750 3137 fortasse
1784 3089 1822 3125 et
1854 3084 1941 3125 We-

91 3148 317 3189 rinherum
340 3157 568 3204 utrumque
595 3152 641 3191 in
664 3150 891 3192 itineribus
915 3151 1141 3192 comitatus
1152 3149 1326 3201 fuerat,
1348 3147 1546 3200 fortasse
1569 3146 1770 3199 epistolas
1799 3159 1944 3185 eorum

91 3209 263 3250 nomine
299 3211 487 3263 scripsit.
677 3211 751 3266 11)
797 3228 830 3253 c.
874 3213 946 3252 42.
992 3211 1063 3252 48.
1108 3210 1178 3250 49.
1226 3209 1296 3249 51.
1343 3208 1412 3248 59.
1460 3207 1528 3247 65.
1565 3207 1635 3247 66.
1672 3207 1741 3246 67.
1778 3206 1832 3244 69
1868 3211 1942 3245 etc.

96 3270 172 3322 12)
205 3270 291 3311 Res
310 3272 413 3323 fere
445 3272 718 3314 incredibiles
750 3273 804 3314 de
837 3288 882 3315 eo
905 3273 1069 3326 referre
1094 3276 1329 3312 accusatur
1340 3283 1354 3318 ‚·
1386 3268 1462 3308 secl
1483 3275 1628 3308 nostro
1652 3280 1819 3320 quoque
1843 3273 1942 3306 tem-

82 3345 195 3384 pore
226 3345 294 3372 res
325 3332 470 3373 multis
503 3333 775 3375 incredibiles
807 3335 926 3376 visas
958 3331 1092 3374 oculis
1125 3331 1284 3373 nostris
1307 3329 1495 3370 vidimus
1519 3335 1557 3369 et
1582 3327 1762 3368 auribus
1785 3326 1942 3368 nostris

93 3391 358 3434 audivimus.
