2204 3765
99 274 204 304 1077.

8 685 115 717 Mart.
145 685 202 716 26.

34 1027 97 1069 *μ
119 1029 202 1062 366.

222 115 277 153 68
703 112 900 153 BRUNO
933 112 1013 150 DE
1046 110 1241 150 BELLO
1277 109 1585 150 SAXONICO.

222 252 377 305 vellet
424 251 641 303 haberet
677 252 731 300 in
777 256 1033 318 potestate
1081 246 1324 316 populus.
1398 247 1498 298 His
1550 246 1793 299 omnibus
1839 245 2075 315 legaliter

223 323 531 387 constitutis,
570 318 853 371 Rodulfum
881 317 1106 369 electum
1130 335 1312 384 regem
1337 316 1697 385 Mogontiama
1732 335 1853 367 cum
1881 333 2073 383 magno

225 392 419 443 honore
459 390 742 450 deducunt,
782 397 832 438 et
869 387 918 438 ei
954 386 1081 438 dum
1108 387 1558 438 consecrationem
1595 387 1735 454 regis
1761 385 2073 454 accipiebat,

224 459 591 513 venerabiliter
617 467 668 509 et
703 457 919 521 fortiter,
949 458 1086 507 sicut
1110 474 1236 507 mox
1261 455 1568 525 apparebat,
1607 457 1872 506 assistunt.
1937 453 2074 507 Con-

224 539 455 582 secratur
491 538 667 579 autem
695 546 725 577 a
753 525 1005 595 Sigifrido
1033 526 1372 593 Magontinae
1400 525 1631 576 civitatis
1657 524 2074 593 archiepiscopO,

222 597 585 669 praesentibus
612 604 663 647 ct
687 595 1064 647 adiuvantibus
1091 595 1207 646 aliis
1231 613 1389 664 quam
1409 593 1666 663 plurimis,
1693 612 1830 645 anno
1855 593 2076 645 Domini

227 670 376 734 1077,
418 670 461 719 7.
500 665 619 716 Kal.
659 664 878 734 Aprilis.

361 737 443 788 92.
518 736 641 803 Ipso
695 753 821 786 vero
875 734 958 785 die
1017 734 1428 786 consecrationis
1474 734 1586 785 eius
1635 750 1802 801 paene
1854 732 2076 800 contigit

223 806 582 858 miserandum
620 804 852 869 facinus,
902 812 959 854 ut
994 803 1143 855 fieret
1180 803 1291 854 dies
1329 821 1462 853 unus
1507 803 1831 871 principium
1869 809 1920 853 et
1954 801 2073 852 finis

222 879 373 945 regni
398 876 581 944 ipsius,
621 882 672 926 et
698 873 762 926 de
791 892 850 925 eo
877 892 1002 925 vere
1039 882 1221 942 posset
1246 874 1391 923 nasci
1417 870 1773 941 proverbium,
1813 871 1939 940 quia
1969 878 2078 922 tam

222 945 355 1015 vigil
389 964 485 997 rex
523 953 675 1010 esset,
713 951 771 994 ut
807 944 861 993 in
899 962 1061 1011 regno
1089 961 1181 994 suo
1220 959 1510 1012 numquam
1536 941 1756 993 vidisset
1792 950 2077 991 somnum.1

223 1017 464 1085 Namque
528 1032 651 1065 cum
705 1014 823 1083 ipsa
872 1012 986 1064 die*
1036 1012 1149 1064 eius
1199 1013 1461 1063 unctionis
1522 1013 1577 1061 in
1623 1011 1841 1061 introitu
1885 1011 2079 1061 missae

223 1087 536 1137 invitaretur
585 1083 681 1134 sub
728 1084 939 1134 nomine
976 1081 1264 1134 Ierusalem
1311 1090 1421 1133 tota
1466 1080 1700 1132 fidelium
1749 1078 1970 1132 ecclesia
2012 1080 2080 1131 ad

224 1156 473 1208 laetitiam
504 1152 847 1222 spiritualem,
885 1161 935 1204 et
960 1152 1082 1204 inde
1107 1152 1302 1204 habeat
1328 1152 1496 1203 omnis
1522 1151 1630 1202 fere
1659 1148 1894 1215 ecclesia,
1921 1149 2082 1201 etiam

224 1229 280 1277 in
317 1225 577 1293 religiosis
614 1223 868 1292 personis,
906 1223 1022 1291 ipso
1062 1222 1146 1273 die
1183 1220 1398 1273 ludendi
1434 1239 1541 1271 non
1579 1219 1930 1289 spernendam
1962 1237 2082 1270 con-

226 1295 581 1347 suetudinem:
621 1292 842 1361 prandio
881 1293 1006 1342 novi
1042 1292 1184 1358 regis
1209 1292 1375 1354 finito,
1413 1291 1629 1341 iuvenes
1657 1291 1767 1340 eius
1795 1289 1862 1340 ad
1896 1288 2083 1339 ludum

225 1383 415 1417 venere
455 1380 817 1426 communem,
869 1379 1086 1412 causam
1127 1360 1193 1411 ob
1233 1359 1527 1429 duplicem,
1578 1378 1697 1410 cum
1747 1359 1924 1426 regiae
1963 1376 2083 1409 con-

227 1433 550 1497 secrationiS,
586 1432 733 1483 tumb
772 1432 942 1499 magis
981 1431 1227 1499 antiquae
1267 1428 1675 1481 consuetudinis.
1730 1428 1935 1481 Urbani
1961 1445 2084 1479 vero

225 1504 463 1556 videntes
510 1501 649 1552 hunc
694 1500 906 1565 ludum,
956 1500 1010 1550 in
1062 1499 1324 1551 crudelem
1377 1507 1497 1550 sunt
1532 1499 1743 1550 accensi
1789 1497 1986 1563 zelum3
2034 1505 2086 1549 et

229 1575 352 1643 quia
376 1573 545 1640 magis
571 1570 821 1622 favebant
846 1570 1029 1639 exregi
1056 1588 1215 1640 quam
1241 1571 1371 1638 regi,
1400 1569 1707 1636 cogitabant
1731 1567 1877 1619 illum
1902 1566 2085 1619 ludum

226 1643 457 1707 turbare,
501 1648 551 1693 et
590 1659 769 1692 semen
806 1639 1021 1710 aliquod
1059 1640 1199 1691 unde
1238 1640 1426 1691 seditio
1466 1647 1769 1690 nasceretur
1804 1639 2083 1703 inmittere,

227 1714 295 1764 ad
356 1731 514 1782 quam
575 1710 864 1761 sedandam
926 1709 1053 1760 dum
1101 1729 1197 1761 rex
1244 1708 1579 1779 procederet,
1635 1709 1792 1759 modo
1850 1706 2087 1776 quolibet

229 1783 436 1835 occisus
484 1781 736 1832 interiret.
809 1780 1070 1831 Miserunt
1107 1798 1233 1847 ergo
1275 1779 1531 1848 quosdam
1573 1796 1694 1829 suos
1736 1779 1979 1843 iuveneS,
2028 1785 2087 1828 ut

229 1852 504 1904 curialium
531 1850 654 1901 ludo
683 1869 738 1901 se
765 1852 1061 1917 miscerent,
1091 1858 1142 1901 et
1166 1848 1397 1919 aliquam
1426 1847 1659 1918 qualibet
1677 1858 1786 1899 arte
1812 1848 2087 1898 materiam

227 1921 355 1974 belli
402 1928 780 1972 construerent.
856 1921 1044 1989 Itaque
1091 1937 1226 1970 unus
1277 1939 1343 1971 ex
1390 1919 1520 1988 ipsis
1571 1918 1846 1969 cuiusdam
1894 1916 2087 1969 nobilis

229 2012 299 2045 ex
338 1992 485 2042 curia
524 1991 820 2041 crusinam²
859 1988 1028 2059 gulis3
1067 1997 1304 2042 ornatam
1333 1990 1485 2058 quasi
1508 1988 1689 2040 furtim
1727 1986 1999 2056 praecidit,
2038 1994 2089 2039 et

232 2063 384 2132 quasi
432 2061 628 2112 furtum
666 2059 846 2111 volens
895 2059 1221 2111 abscondere
1259 2059 1499 2123 recessit,
1553 2067 1602 2110 et
1639 2067 1817 2109 tamen
1860 2056 2091 2109 malebat

231 2130 570 2201 deprehendi,
598 2139 656 2181 ut
680 2131 946 2198 acciperet
972 2129 1115 2200 quod
1140 2131 1361 2198 accepit.
1416 2128 1555 2179 Nam
1580 2126 1666 2178 ille
1693 2128 1843 2178 cuius
1869 2125 2090 2179 honesta

231 2203 397 2255 vestis
459 2209 570 2252 erat
630 2199 994 2262 dehonestata,
1047 2207 1105 2250 ut
1161 2198 1307 2250 illum
1355 2199 1446 2268 qui
1503 2216 1628 2249 suae
1673 2198 1836 2248 vestis
1883 2204 2089 2266 partem

232 2270 474 2342 gestabat
522 2271 788 2321 insecutus
840 2278 940 2335 est,
997 2268 1277 2338 colaphum
1326 2270 1374 2319 61
1419 2276 1624 2320 tantum
1675 2267 1843 2333 dedit,
1901 2268 2090 2336 suique

232 2340 531 2393 vestimenti
575 2338 887 2408 particulam
935 2340 1149 2407 recepit.
1224 2339 1376 2389 Tunc
1416 2338 1604 2389 urbani
1638 2337 1693 2387 in
1729 2336 1976 2388 subsidiis
2023 2335 2093 2389 ad

232 2412 333 2463 hoc
382 2412 557 2479 ipsum
606 2407 834 2475 collecti,
891 2408 1114 2460 curiales
1175 2409 1403 2460 inermes
1451 2409 1728 2458 incurrunt
1775 2407 1989 2473 armati,
2040 2414 2092 2459 et

233 2480 425 2532 multos
454 2499 522 2532 ex
560 2481 634 2531 eis
661 2479 852 2531 acriter
875 2478 1305 2543 vulneraverunt,
1344 2477 1549 2548 aliquos
1578 2477 1736 2528 etiam
1764 2476 2089 2528 occiderunt.

233 2551 372 2602 Nam
421 2567 567 2601 arma
612 2548 887 2600 curialium
934 2550 987 2599 in
1034 2548 1274 2616 hospitiis
1323 2547 1599 2613 derelicta,
1650 2547 1777 2598 dum
1813 2547 1917 2615 ipsi
1953 2547 2092 2598 circa

235 2639 416 2687 regem
469 2620 768 2688 frequentes
824 2627 1022 2684 essent,
1079 2619 1269 2670 urbani
1319 2619 1744 2687 praeripuerant,
1799 2625 1851 2668 et
1892 2633 1958 2667 ne
2000 2614 2090 2683 illi,

238 2709 463 2759 quorum
517 2697 691 2754 erant,
750 2707 810 2740 ea
863 2689 1099 2740 invenire
1145 2696 1363 2758 possent
1411 2688 1709 2739 effecerant.
1794 2686 1914 2737 Rex
1967 2685 2093 2737 talia

236 2759 421 2811 videns
458 2758 670 2811 volebat
708 2777 761 2810 se
800 2758 1037 2828 periculo
1077 2758 1219 2824 dare,
1258 2765 1310 2809 et
1333 2756 1417 2809 vel
1455 2775 1577 2808 suos
1616 2757 1819 2826 eripere
1845 2753 1932 2807 vel
1969 2773 2092 2806 cum

239 2830 313 2881 eis
353 2828 507 2880 simul
546 2829 884 2894 occumbere3
930 2827 1023 2880 sed
1061 2829 1154 2897 qui
1192 2829 1332 2878 circa
1369 2845 1488 2878 eum
1528 2834 1700 2892 erant,
1746 2834 1916 2877 totum
1951 2823 2093 2876 hunc

239 2898 523 2951 tumultum
561 2906 777 2967 propter
813 2916 934 2949 eum
969 2898 1131 2949 fuisse
1169 2898 1439 2966 inceptum
1470 2902 1849 2965 cognoverunt,
1887 2902 1939 2946 et
1972 2894 2092 2946 ideo

240 2987 362 3020 eum
399 2967 463 3018 de
510 2967 701 3037 palatio
740 2966 1057 3019 descendere
1106 2985 1212 3018 non
1261 2968 1627 3036 permiserunt.
1704 2964 2095 3017 Contraxerunt

241 3055 370 3106 ergo
422 3056 476 3089 se
525 3035 745 3088 curiales
795 3045 847 3088 et
897 3037 1066 3088 omnis
1115 3037 1376 3089 exercitus
1424 3037 1479 3086 in
1524 3035 1780 3086 maiorem
1818 3033 2093 3087 ecclesiam

242 3126 279 3166 a)
310 3127 570 3165 Mogontinam
603 3129 632 3158 l.
663 3123 717 3158 lb.
818 3126 858 3167 b)
885 3131 1015 3158 tamen
1045 3129 1079 3158 1.

246 3191 292 3243 1)
327 3191 422 3231 Hoc
456 3192 508 3232 de
543 3192 714 3231 consule
749 3205 790 3231 a.
827 3192 910 3229 709
949 3189 1092 3231 Cicero
1117 3191 1244 3240 dixit,
1280 3191 1395 3243 quod
1416 3188 1637 3231 Macrobio
1661 3190 1878 3242 referente
1900 3195 2094 3229 nostrum

244 3252 449 3292 didicisse
476 3258 600 3304 puto.
661 3251 718 3292 TV.
816 3251 862 3304 2)
894 3250 922 3291 i.
958 3266 991 3292 e.
1022 3252 1263 3303 pelliceum,
1298 3259 1344 3291 ut
1375 3253 1505 3305 vulgo
1539 3249 1734 3301 vertitur,
1769 3251 1846 3292 secl
1879 3249 2091 3290 bohemica

244 3310 447 3352 Kru{ina
471 3319 529 3353 esc
550 3312 675 3354 vestis
698 3319 818 3352 rotae
836 3313 1033 3365 formam
1055 3314 1248 3366 referens
1272 3310 1586 3365 [Radmantel],
1613 3326 1640 3351 a
1665 3310 1794 3352 verbo
1816 3311 1942 3360 krulz,
1975 3310 2092 3362 quod

243 3381 306 3414 eet
339 3373 539 3414 circulus.
616 3373 670 3414 W.
798 3373 843 3426 3)
877 3373 1099 3413 Pelliculis
1140 3374 1330 3414 murium
1350 3371 1577 3427 pretiosis,
1622 3386 1733 3424 quas
1777 3384 2092 3422 nonnunquam
2166 3387 2197 3406 ,ι

224 3434 493 3475 rubricatas
515 3434 660 3487 faisse
694 3433 886 3488 leqimus.
952 3434 1004 3475 P.
