2204 3765
537 89 736 131 BRUNO
770 91 853 131 DE
886 91 1084 134 BELLO
1120 93 1438 137 SAXONICO.
1857 108 1911 146 33

70 242 179 275 non
209 224 413 292 perdat
449 225 540 276 sed
577 229 845 279 custodiat
883 230 1131 280 suadete:
1169 239 1226 280 ut
1264 240 1309 281 et
1350 232 1434 283 ille
1471 235 1518 284 si
1544 254 1631 285 vos
1661 239 1910 305 audierit,
1935 261 2041 294 1076.

68 300 115 343 et
149 310 242 343 vos
280 294 329 343 si
364 293 489 343 bene
529 298 873 361 suaserititis,
914 305 1181 349 aeternam
1221 301 1506 352 mercedem
1545 306 1841 371 recipiatis.

206 361 291 412 49.
364 362 594 414 Dominis
632 365 738 416 Ns*
777 373 821 416 et
859 366 930 416 N.
979 368 1343 419 sacerdotibus
1392 373 1592 420 sanctis
1630 376 1911 441 ceterisque

63 431 201 481 viris
241 431 476 482 eiusdem
513 432 730 483 virtutis
769 442 813 484 et
854 434 1080 498 ordinis,
1123 436 1497 488 liferinherusb
1530 439 1724 505 plenus
1772 447 1914 495 omni

64 499 303 564 miseria,
343 507 562 550 aeterna
590 504 937 570 participari
973 504 1364 556 misericordia.
1444 505 1701 565 Quamvis
1738 529 1911 562 onmes

63 567 514 635 supplicationes,
568 589 704 637 quas
751 578 954 622 vestrae
995 575 1324 638 paternitati
1374 576 1541 625 verbis
1592 578 1670 628 vet
1723 578 1913 630 litteris

53 635 185 704 feci,
237 637 408 688 nichil
453 638 618 689 michi
668 639 846 689 adhuc
895 640 1102 690 videam
1154 642 1446 710 profuisse,
1499 652 1672 696 tamen
1727 649 1914 699 iterum

64 713 271 757 vestrae
310 708 510 773 pietati
555 725 660 757 non
714 727 854 759 cesso
905 709 1244 776 supplicare,
1298 720 1353 761 ut
1401 715 1449 762 si
1504 732 1592 763 vos
1649 735 1741 765 nec
1797 736 1909 767 mea

65 774 366 826 ‘innocentis
405 774 709 839 calamitas,
749 796 841 827 nec
881 797 1017 846 quae
1056 778 1134 828 vel
1172 782 1478 831 ‘nocentibus
1512 781 1634 832 solet
1658 788 1910 850 misereri,

56 843 219 909 flectit
257 843 373 895 ulla
408 846 598 912 pietas,
636 845 817 897 saltem
859 865 949 897 vos
986 847 1164 898 taedio
1205 867 1298 899 suo
1337 869 1452 900 mea
1494 854 1671 902 vincat
1711 855 1908 921 impor-

61 915 286 965 tunitas.
361 913 465 963 Per
505 917 878 983 omnipotentis
916 917 1088 984 vigitur
1127 917 1233 968 Dei
1269 918 1596 971 clementiam
1644 941 1732 972 ‘vos
1784 942 1908 990 rosso

55 983 271 1050 pariter
309 990 354 1032 et
390 1001 592 1048 moneo,
625 984 905 1051 praesules
945 988 1290 1049 sanctissimi,
1332 996 1387 1037 nt
1427 990 1479 1038 in
1522 1008 1598 1039 me
1641 1009 1725 1041 vos
1767 979 1910 1057 ipsos

61 1052 407 1104 considerare
457 1052 777 1121 diffitemini,
827 1062 873 1103 et
920 1072 997 1104 me
1046 1073 1152 1105 non
1203 1056 1371 1107 solum
1408 1058 1463 1107 in
1506 1058 1648 1109 nullo
1688 1062 1909 1111 crimine

61 1123 377 1186 convictum,
416 1122 508 1173 sed
547 1141 639 1173 nec
679 1124 742 1174 de
790 1122 929 1173 ulloc
977 1126 1198 1175 crimine
1247 1125 1626 1192 compellatum,
1672 1129 1909 1179 condem-

62 1191 197 1242 nari
232 1210 297 1242 ne
326 1192 645 1258 patiamini.
725 1191 931 1261 Culpa*
970 1193 1132 1243 michi
1162 1195 1328 1260 prius
1352 1195 1684 1262 imponatur,
1725 1197 1905 1263 defen·
1927 1208 1984 1249 ‘r-
2015 1210 2098 1243 3⁴⁷-

57 1259 228 1310 sionis
278 1261 442 1312 michi
487 1261 634 1312 locus
685 1263 930 1326 donetur,
983 1262 1075 1313 ubi
1123 1263 1200 1313 vei
1247 1281 1439 1314 nocens
1486 1273 1654 1316 vestro
1708 1267 1907 1317 indicio

57 1328 287 1398 diynum
325 1348 492 1399 coyar
529 1331 706 1382 subire
745 1330 1093 1400 supplicium,
1132 1331 1211 1382 vel
1248 1333 1505 1384 innocens
1544 1342 1775 1385 vestrum.
1814 1336 1908 1386 sub

18 1450 23 1455 ,
57 1400 245 1468 qratia
286 1398 493 1451 domini
527 1401 734 1452 nostrid
760 1419 968 1451 merear
994 1400 1184 1452 habere
1212 1405 1551 1453 consortium.
1613 1402 1744 1462 Quis
1773 1406 1910 1455 enim

39 1466 168 1535 fuit
206 1487 448 1537 unquam
483 1471 616 1520 iuste
646 1471 816 1539 prius
843 1471 1152 1534 damnatus,
1194 1489 1354 1538 quam
1382 1471 1444 1522 de
1471 1471 1652 1541 aliquo
1688 1475 1909 1524 crimine

40 1535 248 1605 fuisset
287 1538 608 1590 accusatus?
679 1540 940 1591 Nondum
976 1539 1141 1590 michi
1189 1541 1415 1609 coynovi
1462 1541 1673 1609 culpam
1722 1562 1906 1610 quam-

59 1603 180 1658 libet
216 1609 440 1676 imponi,
480 1616 525 1659 et
562 1609 673 1660 iam
713 1613 872 1678 quasi
909 1611 1196 1660 criminum
1233 1608 1597 1676 plurimorum
1638 1613 1909 1662 convictus

49 1693 265 1744 poenas
312 1679 657 1729 saevissimas
708 1679 848 1730 dedi.
938 1676 1093 1737 Quod
1149 1679 1196 1727 si
1244 1697 1321 1729 me
1367 1681 1653 1748 qnisquam
1692 1681 1907 1731 domino

58 1763 169 1797 meo
190 1745 378 1813 fuisse
415 1746 496 1797 vei
534 1766 641 1798 esse
670 1746 948 1816 pewfidum
985 1747 1325 1811 criminatur,
1375 1766 1480 1798 non
1531 1751 1710 1799 minus
1749 1767 1910 1815 quam

58 1816 155 1884 qui
181 1815 322 1867 dixit
346 1815 613 1868 Domino:
655 1817 993 1867 ‘Demonium
1020 1815 1195 1866 habes'
1234 1818 1500 1867 mentitur.
1566 1818 1712 1868 Haec
1740 1819 1911 1886 'igitur

57 1902 176 1935 cum
217 1884 429 1936 domino
468 1893 647 1937 nostro
698 1886 969 1937 clementer
1016 1892 1256 1950 tractate,
1307 1893 1353 1936 et
1397 1894 1455 1936 ut
1503 1905 1554 1936 se
1592 1904 1767 1955 regem
1806 1905 1912 1938 esse

57 1956 341 2023 recoyitete
370 1955 604 2020 suadete,
645 1963 691 2006 et
717 1955 858 2006 unde
884 1973 981 2005 reoe
1007 1956 1076 2006 sit
1103 1954 1411 2023 appellatus
1438 1956 1656 2006 edocete.
1731 1956 1909 2006 Vestra

58 2041 265 2093 quoque
302 2025 579 2092 sapientia
617 2025 877 2094 diqnetur
914 2043 1090 2075 secum
1119 2042 1373 2091 pensare,
1413 2027 1568 2076 cuius
1606 2024 1684 2076 vel
1721 2026 1913 2093 quanti

57 2094 302 2145 criminis
340 2095 424 2159 sit,
463 2094 808 2146 ecclesiarum
835 2094 976 2146 bona
1001 2100 1233 2158 vastare,
1274 2095 1427 2161 ipsas
1455 2093 1700 2145 ecclesias
1733 2094 1908 2162 pollu-

59 2180 145 2215 ere
181 2162 262 2214 vel
297 2164 614 2231 incendere,·
654 2172 700 2215 et
736 2165 784 2216 si
821 2163 988 2214 ulium
1020 2162 1098 2214 vel
1123 2181 1382 2231 maynum
1409 2165 1608 2214 crimen
1636 2181 1742 2214 esse
1768 2164 1911 2214 vide-

59 2239 203 2298 atur,
240 2232 329 2284 inf
366 2233 460 2284 hoc
488 2251 579 2285 vos
606 2234 821 2285 domino
861 2240 1040 2284 nostro
1067 2232 1258 2298 fideles
1284 2250 1391 2282 esse
1420 2232 1663 2299 probate,
1704 2240 1759 2282 ut
1786 2232 1912 2284 dum

59 2319 178 2352 eum
229 2301 294 2352 ab
343 2303 545 2354 iniusto
596 2304 860 2354 revocatis
878 2311 916 2367 g,
965 2304 1081 2353 eius
1131 2303 1373 2352 animam
1424 2301 1488 2351 ab
1527 2302 1777 2352 incendio
1825 2321 1909 2370 ye-

58 2371 269 2422 hennae
294 2370 526 2424 liberetis
541 2391 560 2438 ,·
599 2391 664 2423 ne
699 2373 826 2424 dum
853 2370 940 2423 ille
967 2379 1186 2422 externa
1212 2378 1523 2421 sanctorum
1548 2371 1688 2422 bona
1714 2371 1911 2422 iniuste

59 2441 333 2507 devastat,
390 2443 623 2493 internis
683 2442 834 2494 bonis
885 2449 1196 2492 sanctorum
1240 2441 1425 2509 qratia
1465 2441 1723 2507 privatus
1779 2441 1911 2490 iuste

58 2517 258 2562 careat.
338 2512 670 2563 Recordetur
721 2512 881 2562 etiam
922 2511 1228 2578 prudentia
1279 2516 1468 2574 vestra,
1522 2511 1652 2577 quia
1698 2516 1911 2559 mortem.

55 2581 302 2631 minatur
348 2580 620 2649 apostolus
665 2599 774 2632 non
825 2579 994 2631 solum
1042 2586 1204 2630 morte
1248 2579 1423 2647 diqna
1446 2577 1780 2645 facientibus
1821 2577 1911 2628 sed

59 2649 253 2700 etiamh
294 2650 758 2703 consentientibus.

196 2717 279 2770 50.
352 2718 654 2771 Fridericus
711 2736 865 2784 vero,
932 2716 1241 2767 Monasterii
1296 2714 1508 2784 praesul
1563 2713 1909 2778 venerandus,

35 2787 185 2857 ,quia
230 2787 296 2840 de
350 2789 543 2840 nostris
592 2789 832 2858 partibus
872 2793 983 2838 erat
1020 2784 1270 2836 oriundus
1320 2793 1372 2836 et
1407 2783 1912 2852 Magedaburgensis

59 2856 312 2908 ecclesiae
336 2858 508 2911 fuerat
533 2857 656 2910 olim
684 2858 983 2921 canonicUS,
1011 2854 1408 2923 archiepiscopo
1434 2851 1914 2922 Magedaburgensi

57 2924 258 2978 litteras
294 2928 454 2994 misit,
495 2927 689 2997 quibus
728 2926 876 2978 eumi
917 2925 1260 2988 commonuit,
1307 2933 1365 2975 ut
1403 2940 1714 2992 quocunque
1757 2921 1912 2972 modo

59 2997 335 3064 potuisset,
377 3015 564 3066 pacem
607 2997 776 3048 facere
816 3013 936 3047 cum
975 3012 1099 3062 rege
1136 2999 1413 3061 satageret.
1488 2990 1693 3055 Quibus
1730 2990 1912 3043 litteris

59 3065 155 3116 has
193 3065 396 3118 litteras
433 3065 944 3135 Magedaburgensis
982 3061 1338 3131 archipraesul
1376 3061 1599 3112 remisit:

201 3135 284 3187 51.
346 3135 632 3189 Sacerdoti
656 3137 764 3187 Dei
800 3133 1115 3186 Fridericok
1154 3132 1507 3196 sanctissimo,
1544 3128 1910 3181 Werinherusl

59 3253 97 3296 a)
125 3255 171 3288 N.
200 3255 334 3288 addidi.
363 3256 467 3287 Hanc
494 3256 678 3295 epistolam
705 3255 832 3286 eisdem
859 3253 1033 3293 episcopis
1058 3252 1200 3282 missam
1226 3260 1297 3282 esse
1311 3251 1362 3282 ait
1380 3250 1585 3281 Annalista.
1622 3247 1670 3278 W.
1747 3245 1786 3286 b)
1803 3246 1862 3277 W.
1881 3247 1898 3276 1

62 3301 96 3343 c)
121 3303 188 3335 illo
218 3305 249 3335 1.
341 3303 378 3345 d)
407 3305 508 3344 regis
549 3305 632 3336 add.
661 3305 693 3337 2.
783 3301 818 3343 e)
846 3303 898 3332 ita
926 3302 968 3342 23
998 3302 1137 3339 cogitet
1154 3302 1185 3331 1.
1275 3300 1303 3340 f)
1332 3309 1365 3332 v,
1384 3299 1503 3330 nichil
1526 3306 1590 3328 vos
1620 3298 1650 3328 1.
1743 3294 1779 3334 g)
1810 3302 1914 3325 revo-

58 3352 167 3442 ‹ssetssl
184 3354 225 3432 1.1
293 3351 332 3394 h)
363 3356 400 3386 et
426 3355 458 3385 1.
547 3351 575 3394 i)
605 3361 690 3385 eum
717 3355 759 3384 ut
785 3350 908 3383 fidelis
935 3354 1059 3382 terrae
1087 3350 1133 3381 de
1163 3357 1237 3388 qua
1264 3351 1374 3380 natus
1402 3350 1483 3378 erat
1512 3355 1540 3379 c.
1571 3346 1601 3376 2.
1678 3342 1716 3384 k)
1745 3344 1786 3375 F.
1819 3344 1848 3372 l.
1881 3343 1912 3373 2.

1535 3452 1566 3502 3
