2204 3765
558 108 762 149 BRUNO
795 109 878 149 DE
913 110 1112 152 BELLO
1143 110 1459 155 SAXONICO.
1875 123 1929 161 53

87 246 317 296 inimica
355 247 677 326 sunt-yerit,
716 253 762 296 et
799 245 1074 298 ecclesiam
1111 248 1378 317 disperyit
1414 269 1476 301 ac
1516 255 1718 301 vastat:
1790 255 1930 306 Nota
1954 274 2059 305 1081.

88 333 243 384 erqo,
307 315 604 379 carissime,
660 316 710 364 si
763 333 882 366 eum
937 317 1032 383 qui
1090 319 1334 368 amicitia
1388 318 1466 368 vel
1521 319 1779 387 colloquio
1837 324 1935 389 his,

89 384 285 452 quibus
313 402 478 451 papa
505 402 617 451 pro
656 383 863 434 actibus
909 385 1024 434 suis
1073 403 1294 436 aversus
1333 395 1421 451 est,
1462 390 1779 454 associatur,
1831 399 1937 442 tam

88 454 334 523 gyravit-er
370 453 612 504 iud-icat:
652 460 860 520 quanta
902 452 1051 504 illum
1076 455 1273 520 ipsum,
1313 458 1402 506 cui
1481 475 1540 507 ro
1582 459 1786 508 actibus
1822 463 1937 511 suis

91 540 314 574 aversus
375 529 465 587 est,
530 522 1006 573 animadversione
1070 523 1311 573 damnat.
1411 476 1519 576 §bd
1584 534 1637 576 ut
1700 528 1773 577 ad
1832 548 1939 580 rem

88 592 389 656 redeamus,
428 593 576 642 itane
614 591 859 660 dignitas
901 610 934 641 a
972 591 1344 643 saecularibus
1382 602 1427 644 et
1464 593 1638 645 Deum
1676 597 1938 664 ignoran-

89 661 232 712 tibus
286 662 523 724 inventa,
576 679 687 712 non
737 660 1031 711 subicietur
1081 662 1128 712 ei
1177 663 1453 731 diynitati,
1502 683 1661 732 quam
1700 668 1938 733 omnipo-

91 732 249 782 tentis
274 731 384 782 Dei
411 730 767 798 providentia
807 730 882 780 ad
919 731 1171 781 honorem
1211 750 1367 782 suum
1404 733 1610 783 invenit
1646 735 1942 803 mwzcloqne

93 800 514 851 misericorditer
569 798 791 850 tribuit?
883 798 1051 851 Cuius
1093 800 1252 866 filius
1310 802 1447 851 sicut
1502 801 1631 852 deus
1691 811 1736 851 et
1792 804 1941 855 homo

90 869 466 922 indubitanter
503 869 758 933 creditur,
797 870 879 919 ita
917 887 1154 920 summus
1195 871 1464 935 sacerdos,
1503 879 1666 938 caput
1705 874 1942 925 omnium

91 939 447 1004 sacerdotum,
488 940 561 990 ad
589 939 862 990 deoeteram
890 938 1072 989 Patris
1099 940 1301 1005 sedens,
1343 947 1387 990 et
1416 959 1524 1007 pro
1552 941 1702 991 nobis
1739 960 1943 1010 semper

91 1008 448 1077 interpellans
475 1008 717 1074 liabetur,
745 1010 841 1076 qui
866 1008 1145 1058 saeculare
1172 1028 1415 1077 reynum,
1444 1010 1586 1060 unde
1600 1010 1716 1074 filii
1741 1011 1944 1062 saeculi

90 1084 304 1138 tument,
347 1078 588 1146 despeoeit
624 1086 671 1129 et
709 1079 782 1129 ad
820 1077 1178 1129 sacerdotium
1218 1079 1394 1129 crucis
1420 1087 1748 1146 spontaneus
1786 1082 1942 1130 venit.

100 1145 236 1207 Quis
274 1150 495 1213 nesciat,
545 1166 697 1217 reyes
734 1155 781 1199 et
818 1148 978 1198 duces
1018 1147 1118 1197 aba
1159 1148 1243 1198 his
1291 1148 1541 1199 habuisse
1588 1150 1942 1215 principium,

94 1218 190 1285 qui
233 1217 408 1269 Deum
458 1220 789 1287 ignorantes,
848 1217 1123 1285 superbia,
1178 1218 1415 1284 rapinis,
1463 1218 1721 1285 perfidia,
1776 1218 1940 1267 homi-

93 1287 272 1353 cidiis,
300 1295 570 1356 postremo
608 1288 882 1339 universis
911 1305 1092 1355 paene
1129 1286 1426 1351 sceleribus,
1465 1287 1656 1336 mundi
1688 1288 1943 1354 principe

91 1356 337 1408 videlicet
374 1357 590 1409 diabolo
630 1359 892 1427 a9itante,
932 1375 1098 1424 super
1125 1374 1313 1425 pares,
1367 1354 1602 1407 sciliceth
1652 1356 1941 1422 homines-¹³,

94 1427 405 1479 dominari*
467 1446 628 1480 caeca
688 1426 949 1495 cupidine
1012 1434 1058 1477 et
1118 1424 1448 1477 intolerabili
1497 1427 1943 1494 praesumptione

94 1495 512 1565 affectaverunt?
590 1494 699 1556 Qui
744 1494 1013 1561 videlicet,
1071 1495 1198 1546 dum
1247 1495 1544 1546 sacerdotes
1595 1495 1820 1546 Domini
1869 1496 1944 1546 ad

91 1567 323 1636 vestiyia
360 1585 462 1618 sua
496 1567 770 1618 inclinare
809 1566 1152 1630 contendunt,
1193 1567 1282 1616 cui
1312 1566 1508 1615 rectius
1536 1572 1941 1632 comparantur,

93 1655 255 1705 quam
294 1637 374 1687 ei⁰
413 1637 507 1706 qui
544 1644 619 1687 est
668 1644 834 1705 caput
877 1653 1042 1703 super
1092 1653 1266 1686 omnes
1301 1634 1450 1700 filios
1495 1634 1794 1702 superbiae,
1852 1635 1945 1701 qui

92 1707 273 1774 ipsum
323 1725 587 1757 summum
628 1705 962 1775 pontificem,
1020 1705 1355 1757 sacerdotum
1405 1711 1597 1771 caput,
1642 1702 1943 1753 Altissimid

80 1775 305 1843 flliumd
360 1784 653 1846 temptans,
710 1784 757 1827 et
806 1777 991 1827 omnia
1040 1774 1125 1825 illi
1169 1774 1364 1824 mundi
1412 1792 1586 1842 regna
1625 1774 1943 1840 promittens

95 1846 200 1897 ait:
253 1846 420 1897 ‘Haec
460 1848 642 1897 omnia
680 1846 779 1897 tibi
815 1846 969 1909 dabo,
1017 1847 1067 1896 si
1105 1844 1399 1913 procidens
1451 1843 1767 1893 adoraveris
1815 1840 1943 1892 me?

98 1916 234 1976 Quis
259 1916 476 1982 dubitet,
505 1916 804 1967 sacerdotes
831 1915 1036 1968 Christi
1060 1933 1248 1983 regum
1274 1921 1321 1964 et
1337 1913 1660 1981 principum
1688 1912 1943 1963 omnium-

95 2004 194 2056 que
219 1985 472 2053 fidelium
498 1993 692 2055 patres
729 1993 775 2037 et
799 1987 1088 2055 mayistros
1116 1982 1356 2035 censeri?
1401 1981 1596 2033 Nonne
1622 1980 1944 2032 miserabilis

96 2057 352 2107 insaniae
389 2074 497 2108 esse
536 2057 893 2125 coqnoscitur,
942 2058 991 2107 si
1025 2054 1187 2121 filius
1213 2060 1445 2121 patrem,
1493 2051 1797 2118 discipulus
1834 2069 1943 2100 ma-

93 2127 325 2196 vqistrum
374 2127 479 2177 sibi
527 2133 749 2178 conetur
797 2125 1119 2194 subiugare,
1181 2131 1226 2174 et
1274 2123 1483 2191 iniquis
1529 2120 1943 2189 oblz'yatz'on'ibus

93 2194 249 2248 illum
285 2214 416 2247 suae
457 2198 718 2265 potestati
762 2196 1017 2260 subicere,
1071 2214 1105 2244 a
1150 2211 1252 2262 quo
1300 2192 1467 2244 credit
1516 2209 1624 2241 non
1669 2188 1839 2241 solum
1884 2190 1943 2239 in

93 2273 257 2331 terra,
309 2267 402 2318 sed
439 2267 599 2317 etiam
634 2268 694 2317 in
733 2265 893 2317 coelis
933 2284 984 2315 se
1022 2263 1195 2333 liqari
1230 2280 1394 2332 posse
1443 2267 1489 2310 et
1536 2259 1705 2310 solvi?
1780 2259 1942 2322 Haec,

93 2337 233 2387 sicut
268 2336 452 2388 beatus
493 2334 794 2405 Greyorius
842 2336 903 2386 in
953 2333 1178 2401 epistola
1231 2333 1304 2383 ad
1340 2331 1676 2382 Ilffauricium
1710 2330 1942 2397 impera-

93 2413 256 2458 torem
294 2407 502 2457 directa
527 2412 914 2470 commemorat,
947 2404 1334 2457 Constantinus
1360 2418 1595 2469 magnus
1635 2400 1940 2465 imperator,

95 2477 335 2528 omnium
388 2495 575 2545 reyum
627 2483 674 2527 et
718 2476 1045 2544 principum
1082 2472 1210 2542 fere
1259 2472 1419 2523 totius
1480 2469 1621 2520 orbis
1678 2468 1941 2530 dominus,

94 2545 364 2598 evidenter
398 2545 721 2613 intelliyens,
760 2546 822 2596 in
861 2552 1053 2596 sancta
1090 2542 1287 2612 synodo
1324 2541 1573 2591 Nicenae
1607 2544 1730 2605 post
1768 2553 1944 2587 omnes

95 2617 375 2688 episcopos
412 2615 634 2667 ultimus
669 2615 932 2682 residens,
972 2613 1181 2664 nullam
1217 2611 1418 2662 iudicii
1443 2608 1756 2660 sententiam
1782 2622 1945 2673 super

95 2705 182 2738 eos
228 2688 363 2738 dare
401 2686 801 2755 praesumpsit,
860 2684 952 2736 sed
997 2683 1119 2736 illos
1175 2684 1334 2733 etiam
1381 2680 1504 2730 deos
1552 2694 1778 2738 vocanS,
1835 2692 1943 2725 non

97 2775 194 2808 suo
234 2756 416 2808 debere
465 2756 675 2808 subesse
723 2756 951 2819 iudicio,
1006 2771 1190 2805 verum
1236 2769 1287 2802 se
1339 2749 1403 2800 ab
1451 2746 1666 2798 illorum
1704 2743 1944 2823 pendere

97 2826 323 2878 arbitrio
349 2826 635 2878 iudicavit.
708 2824 1044 2893 Supradicto
1073 2840 1278 2892 quoque
1303 2817 1598 2870 Anastasio
1625 2816 1942 2893 imperatori

91 2896 436 2966 praelibatus
476 2914 638 2965 papa
686 2894 941 2946 Gelasius
984 2891 1344 2961 persuadens,
1400 2906 1465 2938 ne
1511 2885 1598 2936 ille
1643 2885 1945 2963 intimatam

97 2967 212 3017 suis
265 2966 510 3018 sensibus
562 2966 837 3017 veritatem
900 2964 1260 3015 arbitraretur
1309 2956 1603 3020 iniuriam,
1664 2948 1945 3031 subintulit

97 3037 282 3088 dicens
301 3046 345 3088 ¹:
386 3035 531 3087 ‘Duo
557 3042 685 3086 sunt
721 3037 938 3103 quippe,
978 3035 1271 3100 imperator
1298 3033 1532 3096 auyuste,
1572 3023 1946 3101 quibus-prin-

97 3105 349 3175 cipaliter
386 3106 472 3157 lzic
508 3106 747 3156 mundus
783 3106 1008 3173 reqitur,
1061 3100 1356 3153 auctoritas
1400 3101 1591 3147 sancta
1619 3089 1944 3160 pontificum

99 3183 147 3227 et
194 3175 398 3246 reyalis
452 3182 722 3243 potestas,·
778 3175 838 3224 in
892 3172 1085 3242 quibus
1135 3176 1282 3220 tanto
1332 3165 1561 3235 9⁷²avius
1609 3168 1682 3212 est
1720 3158 1943 3227 pondus

99 3312 137 3356 a)
167 3315 212 3346 ab
238 3315 297 3347 his
324 3315 449 3346 desunt
477 3315 508 3352 1,
537 3314 669 3344 adsunt
696 3313 730 3344 2.
802 3311 841 3352 b)
867 3311 959 3341 deest
986 3310 1019 3340 2.
1095 3307 1127 3349 c)
1153 3308 1243 3338 deest
1274 3307 1305 3337 1.
1374 3301 1410 3344 d)
1440 3302 1530 3332 deest
1557 3300 1591 3331 2.
1656 3297 1694 3337 d)
1722 3297 1762 3327 in
1790 3302 1885 3327 cena
1913 3294 1943 3324 1.

85 3417 147 3481 '1)
180 3427 239 3468 In
271 3427 454 3480 epistola
487 3426 610 3479 apud
641 3424 867 3465 Blansium
910 3421 1042 3471 VIII,
1075 3421 1148 3461 31.

1959 1436 2012 1478 *p.
2028 1439 2108 1472 358.

1961 1850 2082 1882 Maca.
2096 1850 2132 1891 4,
2147 1851 2178 1884 9.

1961 2418 2011 2448 ep.
2031 2407 2091 2448 IV,
2107 2407 2169 2439 31.
