2204 3765
120 209 227 242 1074.

54 824 111 869 *μ
142 829 225 861 342.

245 55 304 94 24
715 53 916 95 BRUNO
951 53 1032 93 DE
1066 53 1264 93 BELLO
1299 52 1616 96 SAXONICO.

246 192 619 244 Boemioruma
666 190 987 242 wrotizlaob
1035 190 1262 240 Misnam
1330 190 1595 241 civitatem
1643 208 1762 241 cum
1806 190 2090 242 omnibusc

248 261 314 312 ad
352 280 467 313 eam
504 259 886 330 pertinentibus
925 259 1178 327 promisit,
1219 267 1269 309 et
1305 259 1380 309 sic
1419 277 1538 310 eum
1586 268 1644 310 ut
1689 261 1797 310 suis
1845 260 2084 328 partibus

245 330 452 381 adiutor
478 340 614 382 esset
637 329 838 380 ascivit.
909 327 1299 379 Liuticensibus
1324 328 1544 396 paganis
1571 328 1889 379 crudelitatis
1924 347 2086 398 quam

247 418 454 467 semper
508 401 560 449 in
616 399 852 449 Saxones
908 397 1200 449 habuerant
1250 396 1398 448 frena
1450 396 1672 462 laxavit,
1730 406 1780 449 et
1828 407 2085 466 quantum

247 468 507 520 Saxoniae
547 469 652 518 suis
689 467 882 518 finibus
919 475 1134 536 possent
1168 465 1453 536 adiungere
1493 466 1768 517 concessit.
1839 466 1922 518 Illi
1956 486 2081 519 vero

246 538 508 602 dixerunt,
549 556 602 587 se
642 536 880 588 Saxones
918 535 1094 587 multis
1121 535 1378 587 bellorum
1406 534 1805 605 tempestatibus
1836 544 2083 605 expertos

244 607 537 674 agnovisse,
577 614 628 657 et
665 623 719 656 se
757 624 874 656 raro
913 604 998 657 vel
1034 623 1324 674 numquam
1363 605 1426 657 de
1463 603 1613 657 bellis
1651 622 1832 656 eorum
1868 607 2086 673 gavisos

243 676 430 734 fuisse:
483 676 581 726 sibi
632 692 780 724 suam
830 684 1021 725 terram
1070 675 1327 742 sufficere,
1375 694 1534 744 seque
1582 675 1625 724 si
1672 692 1795 725 suos
1833 675 2086 726 terminos

244 744 524 796 defendere
578 742 785 794 valeant
839 751 1108 795 contentos
1166 762 1294 796 esse.
1386 745 1584 813 Regem
1639 742 1914 795 Danorum
1967 761 2085 813 pro-

244 814 508 864 missionis
563 814 855 864 iuramento
911 812 1281 864 confirmatae*
1339 821 1739 879 commemorat,
1795 832 1957 883 seque
2010 813 2086 865 illi

245 882 491 934 daturum
551 892 739 933 cuncta
797 901 932 952 quae
987 883 1053 933 sit
1105 881 1369 951 pollicitus
1429 883 1669 935 affirmat.
1758 883 1897 934 Phili
1939 902 2087 952 pum,

242 953 462 1003 Latinae
503 952 755 1003 Franciae
792 961 1064 1017 rectorem,
1103 951 1278 1004 multis
1316 951 1781 1022 pollicitationibus
1826 952 2086 1021 solicitat,

244 1030 302 1072 ut
356 1022 603 1091 antiquae
660 1040 861 1072 memor
915 1022 1177 1073 amicitiae
1234 1021 1333 1073 sibi
1390 1022 1812 1092 quandocunque
1866 1030 2085 1075 vocatus

241 1091 398 1143 fuerit
433 1092 486 1141 in
524 1090 780 1142 auxilium
815 1092 1006 1142 veniat.
1084 1092 1189 1143 Sed
1220 1090 1302 1143 ille
1341 1091 1579 1143 similiter
1615 1110 1646 1142 a
1672 1093 1779 1143 suis
1805 1101 2087 1144 accusatus

243 1169 295 1212 et
341 1179 508 1230 paene
553 1170 769 1229 paterno
823 1160 951 1212 solio
1002 1161 1300 1230 depositus,
1349 1163 1442 1213 vix
1489 1180 1640 1212 suum
1677 1160 1946 1228 honorem,
1999 1163 2086 1214 cui

241 1230 416 1281 adhuc
456 1229 720 1296 haerebat,
760 1248 813 1281 se
852 1230 987 1281 dixit
1024 1231 1272 1296 retinere,
1319 1231 1514 1282 nedum
1551 1232 1638 1282 isti
1682 1249 1850 1297 suum,
1898 1249 1930 1281 a
1978 1249 2085 1301 quo

241 1301 452 1369 penitus
492 1299 768 1364 ceciderat,
808 1307 1089 1369 temptaret
1124 1318 1393 1369 reponere.
1474 1299 1869 1351 VVillehalmum
1914 1301 2087 1369 gentis

241 1368 496 1438 Anglicae
543 1387 724 1437 regem
771 1369 869 1419 hac
919 1368 1228 1420 condicione
1276 1388 1429 1420 suum
1467 1371 1677 1421 vocavit
1721 1371 1774 1420 in
1812 1370 2086 1438 auxilium,

239 1448 296 1489 ut
333 1440 379 1489 ei
415 1440 582 1489 vicem
621 1438 865 1489 redderet
901 1456 1141 1506 aequam,
1180 1439 1224 1489 si
1250 1456 1305 1489 se
1331 1456 1564 1507 unquam
1600 1439 1818 1491 haberet
1849 1458 2088 1492 necessa-

239 1509 393 1558 rium.
467 1507 561 1558 Ille
599 1525 723 1559 vero
761 1507 1046 1576 respondit,
1086 1526 1140 1559 se
1166 1516 1359 1559 terram
1385 1507 1529 1559 illam
1554 1508 1811 1559 bellorum
1838 1508 2088 1562 violentia

240 1578 554 1646 pervasisse,
603 1586 654 1628 et
691 1576 809 1628 ideo
849 1579 893 1628 si
938 1577 1208 1646 reliquerit
1252 1596 1383 1642 eam,
1430 1596 1494 1629 ne
1541 1577 1760 1647 posthac
1800 1580 2088 1648 recipiatur

240 1649 295 1697 in
344 1665 406 1698 ea
451 1647 752 1698 formidare.
834 1645 1225 1699 lVillehalmum
1277 1647 1466 1698 ducem
1503 1648 1856 1715 Pictavorum,
1904 1649 2090 1701 matris

241 1735 365 1768 suae
402 1735 727 1786 germanum,
779 1717 970 1768 sororis
1020 1736 1145 1768 suae
1193 1716 1300 1768 filio
1336 1719 1544 1786 rogavit
1588 1718 1841 1784 misereri,
1880 1719 2087 1788 sibique

239 1786 374 1838 ferre
411 1785 682 1845 auxilium,
724 1803 826 1856 quo
865 1795 1044 1855 posset
1081 1788 1134 1837 in
1170 1806 1392 1855 regnum
1430 1787 1593 1855 patris
1620 1789 1717 1854 sui,
1756 1805 1858 1856 quo
1886 1795 2091 1840 careret

239 1857 446 1921 iniuste,
483 1856 701 1907 restitui.
774 1856 846 1907 At
883 1855 969 1908 ille
1014 1865 1185 1908 tantas
1223 1857 1699 1924 Franeigenarum,
1737 1857 2087 1910 Nortmanno-

238 1944 357 1976 rum
374 1926 411 1990 d,
462 1924 546 1976 vel
592 1926 977 1994 Aquitanorum
1026 1927 1246 1978 virtutes
1292 1927 1427 1976 inter
1477 1944 1532 1976 se
1582 1934 1633 1977 et
1668 1925 1812 1977 illum
1861 1946 1972 1979 esse
2008 1945 2088 1979 re-

240 1995 464 2064 spondit,
503 2003 562 2047 ut
597 1994 738 2046 nullo
777 1996 989 2064 ingenio
1029 2015 1124 2065 per
1158 2003 1359 2047 tantam
1383 1996 1743 2047 fortitudinem
1782 2014 1903 2048 cum
1940 2015 2089 2049 exer-

239 2067 347 2117 citu
383 2065 605 2116 transire
641 2066 912 2134 potuisset.
1954 2122 1956 2125 ,

379 2135 460 2186 37.
535 2135 634 2185 His
675 2134 918 2186 omnibus
967 2144 1175 2204 praeter
1211 2135 1459 2186 Boemios
1507 2135 1806 2201 fraudatus,
1855 2153 1973 2186 cum
2019 2136 2090 2188 de.

237 2204 482 2273 gentibus
521 2206 715 2256 exteris
753 2205 890 2256 vires
930 2207 1054 2256 satis
1093 2222 1314 2274 magnas
1356 2213 1539 2256 contra
1579 2204 1816 2256 Saxones
1853 2223 1959 2256 non
1996 2206 2085 2256 ha-

238 2274 409 2338 beret,
447 2275 738 2343 pessimum
777 2274 918 2343 quod
957 2276 1151 2343 optime
1191 2273 1393 2326 sciebat
1439 2274 1715 2326 consilium
1763 2276 1980 2340 invenit,
2027 2283 2090 2327 ut

240 2344 529 2396 Saxoniam
566 2344 825 2395 divideret
870 2356 920 2396 et
959 2344 1261 2397 Saxonibus
1309 2354 1492 2396 contra
1530 2344 1769 2396 Saxones
1806 2352 2088 2414 pugnaret,

237 2422 297 2464 ut
343 2413 607 2482 quaelibet
650 2432 773 2482 pars
821 2415 960 2466 victa
1008 2415 1218 2481 iaceret,
1265 2415 1380 2483 ipse
1417 2415 1586 2465 victor
1623 2413 1868 2467 exultans
1905 2415 2086 2466 trium-

236 2483 436 2552 pharet.
522 2484 793 2552 Principes
842 2485 1003 2553 igitur
1054 2484 1319 2536 Saxoniae
1367 2483 1671 2552 singillatim
1716 2485 1863 2537 iubet
1911 2483 1980 2535 ad
2030 2503 2089 2537 se

236 2554 432 2619 venire,
460 2570 673 2604 causam
698 2554 903 2622 fingens
930 2554 1162 2623 aliquam
1186 2554 1459 2621 grandem,
1489 2572 1647 2623 quam
1673 2553 1882 2606 dicebat
1901 2572 2087 2606 eorum

240 2623 456 2674 consilio
504 2641 559 2674 se
614 2622 746 2675 velle
797 2625 1092 2675 terminare.
1182 2623 1265 2675 Illi
1313 2623 1386 2674 nil
1435 2623 1736 2675 dubitantes
1796 2641 1900 2694 quo
1963 2631 2088 2676 sunt

236 2695 415 2744 vocati
461 2702 731 2758 venerunt,
771 2711 874 2763 quo
914 2713 1010 2746 nec
1056 2695 1236 2746 venire
1274 2701 1554 2757 cessarent,
1593 2695 1635 2744 si
1671 2692 1866 2745 nullius
1894 2712 2085 2747 causae

236 2763 632 2831 interpositione
671 2762 896 2831 simplici
932 2773 1218 2834 praecepto
1257 2783 1435 2833 regem
1479 2763 1625 2814 adire
1673 2764 1801 2814 iussi
1846 2763 2082 2815 fuissent.

240 2831 347 2884 Sed
392 2834 659 2883 venientes
710 2833 944 2901 singulos
996 2835 1165 2902 primo
1213 2834 1436 2885 blandus
1481 2832 1802 2902 accipiebat,
1853 2852 2083 2904 eumque

237 2904 343 2953 iam
383 2920 561 2952 secum
598 2901 922 2971 aliquamdiu
948 2911 1158 2969 starent,
1195 2904 1430 2954 animum
1468 2921 1621 2953 suum
1659 2903 1732 2953 eis
1771 2904 1993 2972 aperuit,
2032 2911 2088 2956 et

238 2989 326 3023 eos
365 2980 421 3022 ut
458 2990 512 3022 se
550 2971 617 3022 ad
655 2973 1056 3041 opprimendam
1092 2973 1380 3025 Saxoniam
1417 2990 1512 3041 pro
1550 2971 1752 3023 viribus
1789 2973 1896 3024 suis
1932 2972 2081 3024 adiu-

238 3048 420 3092 varent
466 3051 516 3091 et
564 3041 663 3091 hoe
713 3043 888 3110 ipsum
927 3042 1054 3093 nulli
1092 3043 1388 3112 proderent,
1426 3043 1599 3093 iurare
1638 3041 1886 3110 cogebat3
1935 3041 2081 3112 quod

237 3111 337 3161 nisi
392 3111 567 3162 statim
620 3111 878 3176 facerent,
934 3112 1000 3163 ab
1057 3131 1117 3164 eo
1155 3112 1401 3164 recedere
1446 3129 1553 3162 non
1599 3110 1859 3164 valebant.
1945 3111 2079 3164 Inde

236 3179 432 3232 factum
471 3189 563 3245 est,
600 3188 657 3231 ut
693 3182 747 3231 in
783 3189 961 3232 nostra
998 3190 1146 3251 parte
1172 3191 1337 3251 pater,
1374 3182 1461 3232 ine
1498 3181 1718 3234 adversa
1748 3181 1886 3233 filius
1912 3190 2081 3248 esset;

239 3329 276 3370 a)
305 3331 532 3362 Boemorum
563 3331 593 3364 1.
621 3332 681 3370 qui
707 3332 744 3361 in
772 3333 926 3362 nomini-s
941 3332 1066 3371 forma
1092 3333 1158 3363 sihi
1185 3343 1260 3365 non
1296 3336 1454 3370 constat,·
1481 3331 1658 3364 Boemios
1692 3332 1820 3372 ubique
1856 3332 2010 3371 appellat
2039 3332 2062 3363 2

238 3378 277 3420 b)
305 3380 513 3411 WVratizlao
543 3380 575 3411 2.
679 3379 712 3420 c)
741 3381 830 3411 deest
859 3383 899 3420 13
927 3382 1023 3412 adest
1055 3378 1106 3414 lb.
1140 3383 1170 3415 2.
1275 3380 1311 3422 d)
1339 3381 1646 3413 Normannorum
1678 3384 1708 3413 1.
1811 3379 1846 3422 e)
1874 3382 1964 3412 deest
1993 3382 2025 3413 1.
