2204 3765
239 93 296 132 54
716 92 916 133 BRUNO
950 91 1031 131 DE
1065 89 1264 130 BELLO
1300 87 1615 130 SAXONIC'O.

110 249 219 280 1081.
240 232 592 294 sacerdotum,
650 235 914 298 quantum
951 227 1112 278 etiam
1139 243 1250 294 pro
1287 227 1427 293 ipsis
1461 228 1679 296 reqibus
1716 227 1989 278 hominum
2025 227 2084 277 in

241 301 425 352 divino
465 299 737 351 reddituri
773 304 900 347 sunt
937 296 1184 346 examine
1213 297 1508 347 rationem.'
1583 297 1654 347 Et
1683 296 1884 364 paucis
1919 296 2086 346 inter-

230 371 432 438 positis
459 370 667 438 inquit:
720 365 894 416 ‘Nosti
944 367 1125 433 itaque
1174 365 1316 415 inter
1353 365 1483 416 haec
1520 365 1738 416 illorum
1775 372 1821 416 te
1849 363 2088 432 pendere

243 439 462 503 iudicio,
502 456 608 489 non
647 434 769 487 illos
798 435 872 486 ad
905 442 1056 485 tuam
1080 432 1206 485 velle
1232 433 1414 502 rediqi
1438 433 1793 486 voluntatem.'
1870 431 2088 484 Talibus

240 526 366 575 erqo
408 507 668 558 institutis
706 503 1007 572 talibusque
1020 503 1165 572 fulti
1203 504 1634 569 auctoritatibus,
1665 502 1915 572 plerique
1943 519 2086 570 pon-

240 577 440 642 tificum
504 576 605 626 alii
663 593 837 643 reyes,
902 572 1003 624 alii
1063 574 1416 641 imperatores
1477 573 2088 624 excommunicaverunt.

238 646 385 696 IVam
423 647 471 695 si
509 643 741 713 speciale
781 643 1005 712 aliquod
1044 642 1106 692 de
1135 644 1393 709 personis
1410 644 1738 711 principum
1774 641 2090 708 requiratur

238 714 551 781 easemplum,
580 714 763 764 beatus
782 713 1133 763 Innocentius
1152 730 1312 780 papa
1332 711 1674 764 Archadium
1698 713 2090 778 imperatorem,

239 785 372 852 quia
412 783 681 834 consensit
717 789 775 831 ut
812 789 1032 832 sanctus
1059 781 1331 832 Iohannes
1364 780 1716 833 Crisostomus
1757 799 1791 831 a
1829 779 1949 830 sede
1987 797 2091 829 sua

230 852 536 920 pelleretur,
574 851 1071 903 eaecommunicavit.
1144 849 1304 901 Alius
1342 851 1464 902 item
1488 851 1772 902 Roma-nus
1797 846 2091 918 pontifeaea

236 941 410 991 regem
448 922 806 985 Francorum,
862 939 973 972 non
1018 927 1127 970 tam
1156 938 1264 987 pro
1314 921 1428 970 suis
1478 919 1877 988 iniquitatibus,
1931 936 2093 986 quam

229 1010 338 1059 pro
378 1010 435 1042 eo
474 992 617 1060 quod
655 997 838 1041 tantae
871 991 1127 1058 potestati
1164 1008 1274 1040 non
1312 990 1463 1040 eratb
1501 990 1669 1054 utilis,
1727 1008 1761 1039 a
1797 1006 1964 1057 reqno
2002 988 2089 1038 de-

231 1063 435 1129 posuit,
486 1068 532 1111 et
583 1061 846 1128 Pipinum
893 1058 1090 1110 Karoli
1128 1059 1329 1128 Mayni
1377 1060 1725 1127 imperatoris
1766 1066 1985 1126 patrem
2030 1058 2091 1108 in

237 1133 353 1181 eius
416 1130 528 1181 loco
584 1131 874 1194 substituit,
937 1147 1215 1197 omnesque
1269 1129 1643 1198 Franciqenas
1700 1148 1734 1179 a
1787 1129 2091 1179 iuramento

226 1199 534 1266 fidelitatis,
575 1200 719 1268 quod
756 1199 842 1251 illi
861 1197 1133 1266 fecerant,
1176 1198 1415 1249 absolvit.
1495 1196 1652 1257 Quod
1690 1199 1849 1249 etiam
1887 1214 1952 1246 esc
1979 1194 2091 1261 fre-

238 1271 421 1339 quenti
469 1271 787 1320 auctoritate
837 1288 996 1337 saepe
1048 1269 1166 1335 aqit
1211 1266 1433 1319 ecclesia
1476 1275 1685 1332 sancta,
1732 1285 1851 1317 cum
1896 1264 2090 1317 milites

239 1339 465 1391 absolvit
500 1359 534 1389 a
559 1338 774 1389 vinculo
804 1339 1127 1402 iuramenti,
1168 1338 1312 1405 quod
1322 1336 1546 1404 factum
1583 1345 1658 1388 est
1683 1337 1767 1388 liis
1805 1336 2090 1404 episcopis,

237 1410 333 1477 qui
370 1408 669 1475 apostolica
710 1409 1029 1459 auctoritate
1082 1425 1117 1456 a
1155 1405 1467 1474 pontificali
1503 1407 1687 1475 gradu
1727 1407 2089 1474 deponuntur.

236 1478 305 1527 Et
345 1478 530 1528 beatus
569 1477 885 1528 Ambrosius
931 1476 1051 1527 licet
1099 1484 1339 1542 sanctus,
1391 1494 1499 1527 non
1549 1483 1725 1527 tamen
1761 1474 2090 1527 universalis

236 1547 485 1598 ecclesiae
524 1548 829 1615 episcopus,
867 1565 977 1615 pro
1029 1545 1194 1614 culpa
1233 1564 1371 1615 quae
1410 1545 1539 1596 aliis
1576 1545 1942 1598 sacerdotibus
1979 1562 2091 1595 non

237 1617 370 1668 adeo
420 1618 610 1686 9ravis
660 1616 960 1681 videbatur,
1010 1616 1363 1667 Theodosium
1408 1634 1669 1683 maqnum
1713 1616 2088 1683 imperatorem

235 1688 709 1738 excommunicans
762 1686 826 1737 ab
881 1686 1103 1738 ecclesia
1153 1684 1395 1737 eoeclusit.
1473 1683 1583 1744 Qui
1597 1695 1616 1718 ⁰
1663 1686 1824 1736 etiam
1869 1686 1929 1735 in
1976 1685 2092 1735 suis
2159 1735 2163 1737 ,

235 1757 457 1825 scriptis
495 1757 738 1821 ostendit,
779 1756 924 1825 quod
951 1775 1149 1806 aurum
1185 1774 1293 1807 non
1329 1757 1410 1806 ita
1426 1757 1727 1823 pretiosius
1765 1757 1836 1806 sit
1854 1753 2089 1822 plumbo,

237 1846 397 1895 quam
443 1828 601 1895 reqia
639 1833 898 1894 potestate
947 1824 1111 1876 altior
1162 1827 1232 1876 sit
1277 1825 1524 1894 diqnitas
1574 1824 1948 1888 sacerdotalis,
1996 1824 2090 1876 hoc

236 1896 391 1947 modo
432 1897 579 1947 circa
624 1896 969 1965 principium
1017 1895 1107 1945 sui
1144 1893 1485 1963 pastoralis¹
1538 1895 1802 1946 scribens:
1866 1895 2088 1959 ‘Honor,

219 1965 461 2033 fratres,
526 1974 574 2016 et
622 1965 922 2016 sublimitas
970 1963 1299 2033 episcopalis
1348 1963 1514 2015 nullis
1555 1965 1756 2032 poterit
1803 1982 2087 2032 compara·

233 2034 470 2086 tionibus
510 2036 837 2104 adaequari.
913 2033 980 2085 Si
1028 2052 1217 2102 requm
1246 2032 1474 2102 fulgori
1522 2053 1801 2101 compares
1845 2041 1892 2086 et
1927 2034 2088 2101 prin-

233 2105 415 2172 cipum
476 2105 794 2168 diademati,
857 2104 1014 2173 lonqe
1075 2105 1176 2154 erit
1236 2103 1491 2171 inferius,
1555 2123 1717 2172 quam
1778 2105 1828 2154 si
1878 2103 2092 2172 plumbi

233 2174 501 2225 metallum
543 2175 618 2225 ad
667 2176 795 2225 auri
827 2172 1112 2243 fulqorem
1150 2192 1446 2241 compares,
1499 2175 1699 2242 quippe
1739 2193 1858 2224 cum
1904 2174 2090 2225 videa-s

234 2262 421 2313 requm
480 2243 618 2295 colla
678 2252 724 2295 et
775 2246 1101 2312 principum
1162 2243 1400 2294 submitti
1449 2243 1679 2312 ¹qenibus
1733 2243 2088 2308 sacerdotum,

234 2321 281 2364 et
317 2311 631 2365 eoeosculata
669 2332 851 2365 eorum
888 2314 1127 2378 deoetera,
1175 2331 1358 2364 eorum
1396 2331 1448 2363 se
1487 2312 1713 2363 credant
1750 2313 2090 2365 orationibus

234 2385 591 2435 communiri.’
671 2384 743 2433 Et
781 2390 908 2451 post
945 2401 1170 2450 pauca:
1224 2383 1391 2434 ‘Haec
1441 2390 1652 2447 cuncta,
1686 2382 1920 2449 fratres,
1969 2383 2088 2435 ideo

234 2471 331 2504 nos
361 2453 717 2521 praemisisse
755 2453 949 2504 debetis
987 2471 1291 2522 aqnoscere,
1347 2459 1406 2502 ut
1445 2453 1855 2519 ostenderemus,
1917 2452 2088 2505 nichil

232 2541 341 2574 esse
378 2524 438 2573 in
479 2523 573 2573 boc
621 2523 833 2574 saeculo
883 2521 1250 2574 sacerdotibus
1297 2521 1657 2586 eaecellentius,
1707 2522 1879 2573 nichil
1922 2522 2086 2574 subli-

232 2594 371 2643 mius
409 2593 679 2660 episcopis
716 2593 984 2661 reperiri.'
1056 2592 1366 2642 Meminisse
1392 2592 1552 2643 etiam
1578 2591 1724 2643 debet
1745 2592 2086 2660 fraternitas

232 2670 344 2726 tua,
393 2663 527 2729 quia
565 2664 743 2713 maior
772 2669 1013 2729 potestas
1051 2662 1348 2712 eoeorcistae
1387 2661 1714 2726 conceditur,
1761 2681 1880 2712 cum
1917 2663 2084 2730 spiri-

232 2730 399 2782 tualis
436 2732 733 2799 imperator
771 2732 845 2783 ad
884 2731 1178 2801 abiqendos
1207 2731 1490 2782 daemones
1516 2732 1883 2796 constituitur,
1922 2751 2084 2800 quam

231 2800 402 2852 alicui
437 2801 706 2852 laicorum
743 2819 915 2852 causa
954 2800 1256 2852 saecularis
1282 2801 1674 2852 dominationis
1705 2801 1874 2852 tribui
1888 2803 2084 2869 possit.

241 2869 500 2921 Omnibus
539 2870 754 2939 reqibus
793 2890 979 2939 nempe
1017 2879 1063 2921 et
1091 2870 1444 2938 principibus
1481 2877 1672 2935 terrae,
1712 2872 1809 2938 qui
1833 2871 2084 2940 religiose

230 2958 341 2990 non
378 2942 582 3003 vivunt,
633 2948 679 2990 et
725 2941 786 2991 in
825 2941 1030 2991 actibus
1068 2941 1185 2991 suis
1221 2940 1412 3004 Deum,
1463 2946 1521 2989 ut
1570 2947 1787 3008 oportet,
1836 2959 1945 2992 non
1983 2960 2086 2992 me-

231 3016 405 3070 tuunt,
456 3009 741 3060 daemones
788 3010 889 3060 lieu
931 3010 1076 3077 proli
1128 3008 1317 3061 dolor!
1368 3009 1746 3072 dominantur,
1796 3017 1843 3060 et
1887 3012 2086 3062 misera

231 3079 481 3129 servitute
521 3079 881 3145 confundunt.
959 3078 1113 3130 Tales
1152 3080 1293 3129 enim
1331 3096 1439 3129 non
1480 3078 1667 3130 divino
1705 3080 1856 3131 ducti
1891 3099 2084 3146 amore,

232 3226 270 3268 a)
298 3227 500 3259 Zacharias
517 3227 696 3259 videlicet
711 3228 794 3260 add.
821 3228 860 3258 in
874 3228 1029 3267 Reyistri
1055 3228 1168 3259 codice
1194 3237 1322 3259 manus
1344 3229 1536 3267 posterior.
1602 3227 1640 3269 b)
1669 3229 1759 3260 deest
1777 3231 1809 3262 1.
1875 3229 1908 3270 e)
1927 3230 2036 3268 Quod
2053 3232 2086 3262 1.

235 3337 280 3389 1)
316 3335 442 3377 Libri
475 3336 542 3377 De
576 3336 788 3391 dignitate
820 3337 1098 3385 sacerdotali,
1132 3335 1358 3377 Ambrosio
1392 3338 1631 3392 suppositi,
1672 3336 1780 3392 Opp.
1816 3339 1884 3381 ed.
1915 3339 2084 3383 Bened.

238 3398 285 3438 T.
319 3396 389 3438 II.
424 3396 540 3450 App.
566 3412 616 3450 p.
651 3398 753 3449 359,
786 3405 833 3438 ut
865 3398 1031 3439 monuit
1064 3397 1245 3449 Jaffe'us.
