2204 3765
119 248 228 280 1075.

119 668 228 702 1076.

42 2320 110 2362 *μ
141 2322 226 2357 350.

252 93 308 131 38
731 93 929 133 BRUNO
964 93 1043 132 DE
1078 93 1274 133 BELLO
1309 93 1616 135 SAXONICO.

248 230 505 299 pervenit,
545 238 596 281 et
633 247 752 280 cum
790 247 981 296 magno
1021 229 1242 297 strepitu
1280 230 1528 299 episcopo
1568 232 1956 300 expergefacto,
1994 250 2106 283 rem

250 318 384 369 quae
424 317 602 350 secum
630 297 886 366 agebatur
921 299 1161 362 innotuit,
1201 316 1427 367 eumque
1464 307 1522 350 ut
1559 318 1613 351 se
1651 319 1681 350 a
1717 301 1942 352 furtivae
1977 318 2108 353 casu

248 370 430 419 mortis
469 369 693 436 eriperet
732 368 913 421 oravit.
989 366 1146 431 Quod
1186 385 1304 417 cum
1343 386 1439 436 per
1476 368 1732 437 oppidum
1774 369 2104 438 divulgatum

247 437 450 499 fuisset,
490 455 586 487 rex
623 454 744 486 eum
781 437 917 486 sicut
954 437 1192 487 voluerat
1229 453 1334 486 non
1359 439 1712 506 praesumpsit
1737 439 1971 507 perdere,
2011 438 2104 490 sed

250 525 370 558 eum
416 505 577 557 libere
624 523 720 573 per
767 506 967 556 curiam
1017 523 1122 574 quo
1172 504 1331 556 vellet
1380 506 1455 557 ire
1503 507 1758 575 permisit.
1847 507 1953 559 Sed
2000 506 2104 572 ille,

250 576 384 626 sicut
431 582 542 625 crat
588 575 671 624 vir
715 574 770 624 in
817 574 1060 625 omnibus
1110 574 1369 643 prudenS,
1426 574 1494 626 ad
1550 575 1771 627 consilia
1819 577 1958 645 regis
2004 576 2105 628 fre-

251 651 470 713 quenter
505 644 753 708 accessit,
801 653 853 695 et
899 644 1158 712 sapientia
1204 662 1299 695 sua
1335 643 1487 695 brevi
1524 653 1760 713 tempore
1797 646 2104 713 promeruit,

247 725 304 764 ut
332 711 583 781 quicquid
612 712 679 763 ad
706 711 957 763 honorem
985 714 1125 781 regis
1151 714 1453 781 pertineret,
1490 714 1601 764 eius
1628 713 1844 765 consilio
1871 715 2105 766 maxime

247 801 343 834 rex
390 783 501 850 ipse
540 781 856 850 disponeret.
930 782 1176 851 Denique
1227 800 1384 851 quem
1421 801 1591 852 nuper
1633 782 1862 836 habebat
1898 783 2106 835 hostem

249 852 645 917 saevissimum,
702 869 821 902 eum
871 869 1014 901 nunc
1064 853 1239 920 coepit
1292 851 1486 904 habere
1542 851 1931 904 consiliatorem
1977 852 2106 904 fide-

246 920 524 972 lissimum.

387 990 470 1041 58.
544 989 653 1041 Nos
692 998 869 1042 autem
908 989 1000 1041 ubi
1027 990 1294 1059 principes
1321 989 1451 1055 illos,
1492 991 1582 1060 qui
1607 999 1815 1043 nostros
1839 990 2107 1043 habebant

246 1060 301 1109 in
340 1058 602 1123 custodia,
655 1059 925 1112 Goslariae
965 1077 1077 1111 esse
1117 1060 1498 1128 comperimus,
1546 1058 1744 1112 litteras
1793 1061 1868 1112 eis
1907 1058 2105 1128 suppli-

248 1130 515 1180 cationum
556 1146 651 1197 pro
692 1131 990 1198 principum
1028 1137 1329 1180 nostrorum
1355 1129 1665 1182 liberatione
1701 1130 2105 1196 transmisimus,

248 1217 490 1268 quaeque
530 1199 715 1250 civitas
756 1200 867 1250 sive
905 1199 1178 1266 provincia
1215 1217 1310 1268 pro
1351 1199 1433 1250 sui
1461 1200 1697 1268 episcopi
1731 1201 1840 1252 sive
1867 1199 2106 1268 primatis

247 1270 532 1336 ereptione.
624 1268 712 1318 Ex
782 1268 974 1337 quibus
1046 1286 1206 1318 unam
1278 1276 1484 1319 tantum
1557 1269 1758 1337 placuit
1829 1267 2107 1338 epistolam

247 1337 558 1390 subnectere
573 1356 583 1387 ε

385 1407 467 1457 59.
514 1407 726 1457 Domno
766 1407 960 1471 Ucloni,
990 1409 1165 1458 ovium
1194 1406 1394 1458 Christi
1422 1415 1738 1458 sanctarum
1765 1408 2107 1459 sanctissimo

244 1479 505 1544 past0ri1,
558 1475 731 1527 clerus
781 1485 828 1526 et
866 1476 1114 1545 populus
1153 1477 1684 1546 Ma‘qedaburyensis
1729 1477 1979 1529 ecclesiae
2018 1476 2105 1528 de-

246 1548 508 1596 votionem
540 1544 924 1610 fidelissimam
971 1547 1255 1614 utriusque
1300 1547 1551 1597 bominis.
1631 1545 1788 1605 Quod
1823 1548 1965 1598 tanti
2000 1546 2109 1598 viri

248 1617 497 1667 notitiam
517 1615 889 1683 familiariter
926 1623 972 1665 et
1009 1617 1251 1684 qratiam
1288 1616 1440 1667 nulla
1480 1616 1630 1668 nobis
1671 1617 1850 1667 adbuc
1894 1623 2110 1668 nostrae

249 1685 523 1736 servitutis
580 1685 905 1736 eoeliibitione
961 1687 1354 1754 quaesivimus,
1412 1687 1760 1753 nosmetipsos
1814 1688 1955 1737 inter
2008 1703 2106 1737 nos

248 1755 575 1805 vehementer
628 1772 974 1813 accusamus,
1031 1763 1078 1806 et
1115 1755 1270 1806 nulla
1318 1774 1414 1806 nos
1454 1757 1701 1807 servitute
1740 1764 1928 1807 nostra
1964 1755 2109 1806 vobis

249 1823 327 1874 vel
365 1831 517 1874 notos
557 1842 665 1875 esse
688 1823 877 1891 factos
927 1843 984 1875 eo
1037 1826 1216 1893 magis
1255 1825 1639 1890 erubescimus,
1696 1844 1798 1894 quo
1837 1844 1946 1877 non
1978 1824 2117 1893 pro?

248 1894 426 1944 meriti
475 1900 631 1944 tanta
674 1895 897 1962 pietatis
943 1901 1149 1945 vestrae
1198 1893 1398 1945 solatia
1453 1897 1514 1945 in
1557 1895 1736 1945 multis
1774 1896 1976 1946 nostris
2013 1895 2108 1945 tri-

247 1962 616 2014 bulationibus
658 1964 977 2031 accepimus·
1051 1964 1140 2014 Eoe
1179 1964 1426 2015 omnibus
1463 1966 1603 2016 enim
1653 1964 2111 2028 tribulationibus,
2163 2019 2165 2021 .

252 2051 386 2101 quas
426 2031 507 2082 vel
544 2032 742 2101 lon'qus
790 2053 902 2084 riam
940 2051 1036 2083 nos
1089 2051 1221 2083 usus
1241 2033 1402 2101 ferre
1432 2036 1708 2101 patienter
1744 2035 1983 2098 edocuit,
2032 2031 2112 2086 vel

255 2121 391 2170 quas
431 2103 558 2169 ipsa
596 2105 808 2154 novitas
848 2121 950 2171 quo
991 2102 1262 2168 insolitaS,
1311 2122 1368 2154 eo
1408 2103 1560 2154 nobis
1598 2105 1880 2173 gyraviores
1918 2103 2111 2169 reddit,

257 2170 413 2221 nulla
452 2171 602 2222 vnobis
652 2191 895 2240 unquam
944 2173 1171 2241 ⁷qravior
1216 2173 1492 2239 incubuit,
1545 2193 1707 2242 quam
1745 2174 1888 2241 quod
1933 2182 2113 2226 nostro

260 2241 454 2292 domno
495 2242 921 2310 archiepiscopo,
961 2243 1116 2293 immo
1147 2250 1310 2309 patre
1341 2244 1609 2310 piissimo,
1638 2262 1744 2311 per
1779 2251 1889 2294 tam
1919 2244 2114 2313 longae

264 2312 598 2378 captivitatis
627 2330 945 2362 aerumnam
971 2330 1155 2363 carere
1181 2314 1421 2381 contiyit,
1449 2313 1533 2363 liis
1551 2313 1891 2381 praecipue*
1928 2321 2115 2382 tempe-

264 2383 460 2432 stuosis
484 2381 825 2449 temporibus,
851 2383 910 2431 in
948 2381 1140 2448 quibus
1168 2381 1320 2433 nobis
1347 2390 1479 2432 esset
1502 2384 1734 2434 maoeime
1763 2385 2116 2436 necessarius.

253 2449 364 2502 Sed
390 2452 538 2517 quia,
567 2451 707 2501 sicut
734 2469 797 2500 ex
825 2451 1003 2518 ipsius
1029 2451 1296 2520 legatione
1324 2454 1687 2521 cognovimus,
1714 2452 1884 2504 multa
1909 2461 2113 2505 vestrae

246 2518 474 2588 pietatis
502 2520 836 2572 humanitate
847 2521 1088 2588 fruitur,
1129 2522 1207 2571 ita
1242 2529 1299 2570 ut
1325 2540 1375 2573 se
1413 2539 1520 2572 non
1559 2521 1740 2573 dolore
1779 2524 2114 2589 captivitatis

255 2588 425 2657 affici,
466 2590 557 2640 sed
586 2609 617 2639 a
657 2589 837 2641 labore
865 2608 967 2659 quo
989 2589 1230 2657 plurimo
1253 2590 1541 2660 fatiyatus
1568 2599 1700 2656 erat,
1739 2592 1908 2643 multa
1934 2592 2112 2644 dulce-

256 2659 382 2709 dine
444 2667 621 2709 vestra
688 2658 838 2725 refici
885 2660 1166 2728 fateatur,
1235 2663 1470 2712 omnium
1526 2679 1663 2729 quas
1717 2679 1816 2712 nos
1863 2664 2114 2729 patimur

253 2729 617 2797 afflictionum
667 2728 889 2780 libenter
939 2728 1110 2793 obliti,
1167 2730 1295 2781 dum
1351 2737 1516 2797 caput
1572 2737 1815 2781 nostrum
1871 2732 2112 2800 yaudere
2174 2749 2178 2754 ·

252 2800 640 2866 cognoscimuS,
668 2799 900 2850 dolorem
924 2799 1295 2864 membrorum,
1334 2799 1413 2850 vel
1439 2801 1488 2849 si
1514 2818 1744 2869 viiaqnus
1779 2801 1863 2864 sit,
1906 2801 2114 2853 nullum
2167 2826 2174 2837 .-

246 2875 521 2935 putamus.
597 2867 947 2919 Paternitatis
986 2870 1159 2937 igitur
1195 2876 1401 2919 vestrae
1430 2869 1668 2937 pedibus
1709 2887 1885 2920 omnes
1911 2872 2112 2922 unani-
2162 2923 2169 2932 ,

253 2937 406 2987 miter
452 2936 633 2988 devoto
686 2938 844 2988 corde
884 2939 1188 3006 prostrati,
1228 2938 1510 3006 plurimas
1552 2938 1792 3006 plurime
1829 2938 2114 3007 referimus
2164 2954 2177 2970 *-

252 3007 468 3075 qratia-s
518 3013 722 3058 vestrae
768 3008 992 3074 pietati,
1043 3009 1175 3076 quia
1222 3008 1350 3058 dum
1390 3008 1532 3058 banc
1571 3027 1708 3077 quae
1745 3010 1978 3061 mascime
2017 3028 2114 3062 nos

256 3074 534 3143 afflissebat
561 3095 747 3126 curam
785 3077 1164 3128 misericordia
1203 3085 1381 3127 vestra
1407 3078 1716 3145 mitigastis,
1760 3097 1935 3130 omnes
1970 3078 2114 3131 alias
2160 3078 2171 3095 ²

253 3143 644 3196 sollicitudines
672 3164 768 3195 nos
793 3146 963 3196 ventis
990 3148 1049 3197 in
1076 3145 1369 3198 Creticuma
1395 3165 1543 3198 mare
1560 3149 1874 3215 portandas
1900 3149 2113 3200 tradere
2171 3147 2173 3150 ⁴

249 3214 473 3277 fecistis.
553 3213 709 3272 Quod
758 3215 805 3265 si
850 3215 1043 3266 divina
1077 3214 1306 3283 favente
1353 3215 1630 3267 clementia
1684 3217 1911 3268 solidum
1960 3219 2112 3270 nobis

255 3318 291 3355 a)
316 3319 366 3347 ita
395 3318 574 3348 emendat-i
600 3327 640 3349 ez
668 3318 795 3351 Horat.
829 3318 891 3351 Od.
921 3319 950 3358 1,
981 3320 1045 3357 263
1075 3329 1108 3350 V.
1139 3321 1322 3351 mercium
1354 3322 1394 3359 13
1421 3321 1460 3351 in
1488 3321 1641 3352 Ercium
1670 3321 1725 3353 ed.
1778 3321 1820 3352 P.

263 3398 305 3438 11
342 3395 672 3450 Archiepiscopo
716 3397 985 3448 Treverensi‚
1022 3411 1042 3439 e
1078 3397 1299 3440 comitibus
1333 3399 1385 3440 de
1420 3398 1703 3453 Nellenbury.
1777 3400 1833 3443 W.

2143 3383 2201 3765 Wffj-xfx.
2167 3249 2185 3258 r
