2204 3765
527 103 726 143 BRUNO
762 104 844 143 DE
879 106 1077 148 BELLO
1112 108 1426 152 SAXONICO.
1837 123 1889 160 75

53 243 144 293 nis
179 258 289 292 non
327 241 443 291 sine
480 258 677 308 mayno
707 242 956 309 periculo
995 249 1367 312 remansimus,
1417 257 1462 300 et
1513 252 1705 317 adhuc,
1757 258 1892 307 sicut
1916 273 2017 303 ιυττ.

53 310 497 374 desideravimus,
552 309 700 360 ultra
746 318 947 361 montes
987 313 1268 379 proficisci
1313 320 1663 384 nequivimus.
1754 322 1890 381 Quo-

55 381 206 431 circa
242 396 512 430 monemus
562 396 669 442 vos,
727 387 773 429 et
821 397 885 429 eoe
926 389 1085 448 parte
1134 383 1273 434 beati
1317 385 1465 436 Petri
1502 392 1890 458 praecipimus,

53 456 114 500 ut
132 448 278 517 fulti
316 450 634 499 auctoritate
673 447 867 498 liuiusa
905 453 1078 501 nostri
1107 456 1407 519 praecepti,
1455 465 1743 526 nostraque
1786 464 1891 511 vice

55 519 122 569 ab
160 518 337 569 eodem
385 516 750 586 apostolorum
791 521 1044 585 principe
1091 523 1336 585 accincti,
1387 531 1666 594 utrumque
1704 547 1891 597 reqcm,

54 588 376 639 Heinricum
402 586 645 637 videlicet
671 593 828 655 atque
854 587 1172 654 Rodulfum,
1211 597 1595 658 commoneatis,
1633 585 1894 662 quatenus

52 657 208 708 nobis
244 658 390 707 viam
426 655 574 707 illicl'
614 674 793 706 secure
830 659 1154 709 transeundi
1181 662 1451 727 aperiant,
1489 672 1533 713 et
1561 665 1894 718 adiutorium

7 766 10 769 v
54 734 212 796 atque
250 726 508 777 ducatum
538 743 644 793 per
669 725 801 776 tales
829 745 1114 794 personas,
1154 728 1216 778 de
1256 731 1447 796 quibus
1485 752 1573 783 vos
1612 734 1734 786 benc
1772 756 1890 787 con-

39 795 256 862 fidatis,
293 795 611 864 praebeant,
661 802 720 845 ut
765 796 864 846 iter
910 796 1064 847 nobis
1105 797 1313 849 Christo
1351 809 1658 870 proteyente
1690 814 1892 872 pateat.

51 865 444 917 Desideramus
480 866 622 916 enim
660 883 780 915 cum
817 865 1039 916 consilio
1089 866 1397 919 clericorum
1442 880 1596 940 atque
1632 873 1891 926 laicorum

51 935 289 987 eiusdem
325 936 483 1004 re9ni
531 935 626 1003 qui
661 934 836 985 Deum
872 936 1055 986 timent
1103 944 1149 986 et
1195 936 1449 1006 diligtunt,
1501 960 1719 993 causam
1761 946 1895 994 inter

51 1024 140 1057 eos
174 1004 288 1055 Deo
320 1004 549 1072 favente
594 1003 874 1069 discutere,
921 1012 967 1055 et
1015 1007 1171 1056 cuius
1201 1010 1360 1073 parti
1403 1012 1578 1077 magis
1630 1013 1703 1061 ad
1741 1016 1895 1081 reyni

48 1073 424 1144 gubernacula
462 1074 674 1125 iustitia
691 1073 905 1142 faveat,
947 1074 1323 1127 demonstrare.
1381 1077 1543 1129 Scitis
1571 1082 1724 1145 enim,
1764 1085 1895 1149 quia

52 1146 228 1196 nostri
265 1142 436 1211 officii
481 1151 528 1194 et
565 1142 892 1212 apostolicae
939 1144 1081 1195 sedis
1127 1152 1200 1194 est
1237 1148 1633 1214 providentiae,
1681 1153 1895 1202 maiora

48 1214 267 1283 neqotia
306 1212 654 1264 ecclesiarum
691 1213 972 1278 discutere,
1023 1221 1068 1263 et
1115 1214 1349 1265 dictante
1387 1219 1592 1267 iustitia
1634 1219 1893 1285 diffinire.

52 1284 169 1334 Hoc
208 1290 383 1334 autem
421 1283 564 1352 quod
602 1284 742 1334 inter
789 1301 873 1334 eos
923 1286 1110 1353 ayitur
1154 1287 1439 1352 neyotium,
1490 1294 1671 1339 tantae
1718 1290 1894 1357 dismi-

48 1355 179 1406 tatis
215 1360 289 1404 est
325 1354 568 1421 tantique.
598 1353 855 1421 periculi,
894 1361 952 1403 ut
989 1355 1038 1403 si
1075 1373 1108 1403 a
1134 1356 1284 1406 nobis
1324 1355 1511 1423 aliqua
1525 1356 1705 1424 fuerit
1745 1377 1890 1409 occa-

50 1424 200 1474 sione
237 1422 548 1492 neylectum,
597 1441 707 1473 non
757 1422 927 1474 solum
963 1422 1072 1474 illis
1111 1431 1157 1472 et
1194 1424 1360 1489 nobis,
1410 1426 1501 1476 secl
1544 1428 1730 1478 etiam*
1769 1430 2065 1483 uni-*stam

49 1492 252 1544 versali
277 1492 525 1543 ecclesiae
551 1512 812 1562 mayn-um
839 1501 885 1543 et
904 1493 1245 1545 lamentabile
1278 1498 1471 1561 pariat
1508 1496 1889 1548 detrimentum.

53 1561 400 1631 Quapropter
449 1563 498 1613 si
549 1561 800 1613 alteruter
839 1562 1250 1633 praedictorum
1285 1583 1469 1633 reyum
1519 1566 1641 1616 huic
1680 1575 1892 1618 nostrae

47 1632 318 1684 voluntati
355 1651 418 1683 ac
456 1631 836 1684 deliberationi
862 1651 1067 1701 parere
1104 1641 1151 1684 et
1183 1635 1254 1685 ad
1280 1642 1455 1685 vestra
1480 1637 1682 1686 monita
1722 1636 1892 1687 locum

49 1702 184 1754 dare
219 1703 514 1768 rennuerit,
552 1721 809 1771 suamque
847 1702 1158 1769 superbiam
1197 1711 1354 1772 atque
1391 1705 1710 1773 cupiditatis
1731 1706 1891 1773 faces

48 1780 240 1824 contra
299 1772 550 1824 honorem
594 1772 701 1823 Dei
749 1773 1126 1839 omnipotentis
1183 1775 1501 1839 accendens‘,
1565 1775 1637 1824 ad
1692 1774 1892 1825 desola-

47 1844 240 1894 tionem
277 1843 441 1893 totius
465 1843 704 1894 Romani
736 1843 957 1910 imperii
984 1841 1242 1893 anhelare
1273 1846 1617 1910 temptaverit,
1657 1845 1892 1895 omnibus

47 1912 222 1964 modis
261 1913 505 1980 omnique
542 1913 765 1981 inqenio
804 1931 971 1980 usque
1000 1911 1074 1963 ad
1099 1920 1330 1977 mortem,
1370 1915 1417 1964 si
1455 1920 1671 1981 oportet,
1710 1922 1893 1965 nostra

47 1984 160 2034 vice
196 1983 473 2048 resistitec,
520 1984 676 2034 immo
717 1982 858 2033 beati
894 1982 1041 2033 Petri
1080 1984 1396 2034 auctoritate
1446 1987 1493 2034 ei
1529 1985 1688 2034 totius
1737 1985 1893 2051 reyni

49 2051 426 2122 vqubernacula
483 2052 933 2117 contradicendo,
987 2060 1096 2103 tam
1142 2052 1294 2103 illum
1351 2072 1508 2121 quam
1567 2071 1738 2104 omnes
1789 2053 1894 2103 sibi

49 2122 432 2174 consentientes
484 2141 514 2172 a
555 2124 922 2174 communione
969 2123 1214 2189 corporis
1263 2131 1310 2173 et
1358 2124 1644 2192 sanguinis
1691 2122 1893 2173 domini

48 2193 224 2244 nostri
259 2192 384 2242 Iesu
425 2190 642 2257 Christi,
699 2199 746 2241 et
785 2211 815 2242 a
854 2192 1132 2243 liminibus
1184 2200 1402 2242 sanctae
1450 2191 1695 2243 ecclesiae
1742 2211 1893 2258 sepa-

48 2269 182 2327 rate,
220 2260 360 2312 illud
396 2280 603 2329 semper
641 2262 888 2313 babentes
924 2264 985 2314 in
1021 2263 1292 2327 memoria,
1350 2263 1481 2331 quia
1518 2262 1684 2313 scelus
1721 2261 1890 2312 idola-

48 2334 187 2383 triae
230 2333 468 2382 incurrit
515 2333 610 2402 qui
659 2332 988 2399 apostolicae
1036 2332 1151 2383 sedi
1199 2332 1408 2383 obedire
1454 2333 1790 2398 contempnit,
1847 2338 1893 2380 et

49 2402 195 2471 quod
238 2402 421 2453 beatus
465 2403 778 2471 Greyorius,
831 2402 1013 2453 doctor
1057 2409 1278 2453 sanctus
1327 2409 1372 2452 et
1410 2401 1751 2465 humillimus,
1804 2400 1886 2450 cle-

48 2474 230 2537 crevit,
275 2490 425 2540 reyes
465 2491 499 2522 a
536 2474 651 2524 suis
690 2473 1051 2541 diqnitatibus
1089 2472 1296 2535 cadere,
1347 2473 1396 2522 si
1431 2472 1710 2522 temerario
1751 2488 1889 2520 ausu

40 2549 453 2610 praesumerent
491 2549 676 2592 contra
715 2542 858 2592 sedis
897 2541 1223 2610 apostolicae
1260 2542 1417 2592 iussa
1456 2542 1648 2592 venire.
1721 2539 1890 2590 Alteri

46 2630 187 2676 vero,
228 2613 321 2680 qui
358 2620 571 2663 nostrae
608 2613 843 2664 iussioni
878 2610 1150 2663 humiliter
1167 2612 1423 2679 paruerit
1460 2619 1506 2660 et
1544 2609 1889 2660 obedientiam

47 2680 352 2733 universali
387 2684 568 2745 matri,
605 2683 743 2733 sicut
780 2682 922 2733 decet
959 2682 1316 2732 christianum
1346 2698 1536 2748 regem,
1576 2678 1888 2740 eaelzibuerit,

47 2759 335 2804 convocato
387 2751 650 2802 conciliod
700 2753 936 2803 omnium
985 2751 1295 2802 clericorum
1350 2758 1396 2799 et
1444 2748 1704 2800 laicorum
1761 2765 1890 2814 quos

49 2822 314 2873 advocare
332 2823 603 2889 poteritis,
643 2820 928 2874 consilium
955 2829 1001 2871 et
1027 2821 1357 2872 adiutorium
1381 2820 1441 2869 in
1470 2817 1709 2869 omnibus
1733 2835 1888 2884 prae-

49 2891 173 2956 bete,
212 2900 258 2942 et
295 2893 354 2942 in
380 2893 538 2961 reyia
565 2892 833 2961 dignitate
852 2910 958 2959 per
984 2890 1352 2941 auctoritatem
1380 2889 1648 2940 beatorum
1678 2893 1888 2953 aposto-

47 2961 223 3014 lorum
270 2961 418 3012 Petri
461 2970 508 3013 et
544 2961 709 3013 Pauli
755 2970 943 3013 nostra
997 2961 1108 3011 vice
1158 2959 1490 3025 confirmate,
1549 2956 1890 3023 omnibusque

49 3031 336 3099 episcopis,
376 3031 674 3096 abbatibus,
728 3031 936 3084 clericis
986 3050 1048 3081 ac
1086 3029 1246 3080 laicis
1282 3031 1341 3080 in
1379 3036 1481 3078 toto
1527 3043 1692 3095 regno
1742 3024 1890 3075 habi-

47 3101 305 3164 tantibus,
343 3109 401 3151 ut
426 3102 475 3152 ei
486 3101 741 3167 fideliter,
780 3103 917 3152 sicut
941 3101 1060 3169 reyi
1088 3106 1303 3167 oportet,
1345 3097 1607 3160 obediant,
1646 3113 1711 3146 ea·
1732 3100 1890 3161 parte

51 3172 429 3240 omnipotentis
469 3171 576 3221 Dei
604 3172 964 3240 praecipitee.

49 3328 86 3369 a)
114 3330 206 3360 deest
233 3330 265 3361 1.
380 3327 418 3369 b)
445 3329 538 3360 illuc
565 3330 647 3369 Rey.
759 3326 792 3368 c)
823 3328 954 3359 resiste
987 3329 1024 3366 13
1061 3336 1097 3359 n.
1124 3327 1220 3364 vice,
1248 3326 1362 3356 immo
1390 3323 1424 3355 b.
1454 3323 1496 3357 P.
1524 3331 1556 3353 a.
1587 3322 1621 3352 ei
1649 3320 1823 3357 resistite,
1855 3322 1891 3348 et

47 3382 75 3410 t.
105 3378 191 3417 Rey.
291 3377 328 3419 d)
358 3378 517 3410 consilio
547 3381 579 3411 1.
689 3377 725 3418 e)
753 3378 855 3408 Data
889 3376 1094 3415 carpineta
1130 3375 1251 3415 pridie
1283 3373 1371 3404 Kal.
1408 3372 1493 3404 Iun.
1528 3370 1604 3401 ind.
1633 3369 1708 3401 XV.
1745 3367 1890 3398 additur

50 3427 91 3461 in
117 3427 292 3466 Registro,
