2204 3765
151 214 257 247 1075.

124 979 205 1010 Iun.
225 979 258 1010 9.

274 62 331 102 30
751 61 950 101 BRUNO
985 60 1065 99 DE
1099 59 1297 100 BELLO
1331 59 1646 101 SAXONICO.

276 201 421 251 cives
457 217 554 252 nec
591 198 764 249 hostes
803 197 877 247 eis
914 193 1072 245 fidem
1109 194 1389 260 habebant,
1428 204 1480 248 et
1515 197 1658 266 apud
1693 207 1942 267 utrosque
1989 197 2128 251 viles-

276 278 328 321 et
362 268 616 325 infideles
656 266 890 334 despecti
927 272 978 314 et
1013 264 1193 314 miseri
1230 271 1393 314 erant.

413 340 496 390 46.
571 337 716 404 Ergo
766 352 861 384 rex
906 349 1024 382 cum
1069 339 1178 383 toto
1217 351 1373 401 quem
1410 342 1619 403 poterat
1653 333 1846 387 habere
1886 336 2125 388 exercitu

276 409 422 458 iuxte
462 407 725 473 Bel-inga1
767 403 926 465 venit,
966 401 1147 470 ibique
1183 403 1369 470 positis
1409 405 1593 455 castris
1633 404 1886 455 consedit.
1959 406 2033 456 At
2057 422 2125 456 ex

276 476 377 527 alia
414 485 562 544 parte
601 476 876 525 Saxonesa
915 471 1053 521 circa
1079 471 1474 523 Nechilstedibz
1513 491 1609 523 sua
1646 482 1817 524 castra
1841 473 2030 539 locant,
2074 482 2136 526 et<

278 546 404 596 dum
442 563 539 596 rex
578 561 665 595 eos
704 542 771 592 ad
810 539 1093 591 concilium
1121 548 1273 592 vocet
1310 549 1608 610 expectant.
1684 541 1923 611 Cumque
1960 543 2128 595 verba

279 614 470 684 quibus
510 631 631 664 suos
659 619 932 662 accusatos
969 608 1218 661 volebant
1243 628 1540 680 expurgare
1567 611 1918 680 disponerent,
1944 612 2131 664 aderat

276 685 492 734 nuntius
542 682 707 750 regis,
768 680 858 748 qui
905 696 1084 746 regem
1134 697 1253 730 cum
1306 679 1607 732 saxonibus
1652 698 1757 732 non
1805 681 1982 733 verbis
2034 680 2128 733 sed

277 753 446 804 ferroc
487 751 756 820 disputare
793 747 928 799 velle
966 747 1192 814 dicebat,
1230 757 1281 801 et
1309 749 1432 800 huic
1459 750 1828 819 disceptationi
1854 750 1993 802 diem
2020 768 2129 801 cra-

279 823 473 873 stinum
511 819 908 871 determinabat.
982 817 1231 869 Nondum
1270 819 1401 870 bene
1438 821 1653 870 nuntius
1689 818 1776 871 ille
1812 820 1975 872 verba
2015 820 2128 871 fini-

279 899 405 944 erat,
447 908 566 940 cum
605 889 821 940 veniens
859 886 989 938 alter
1026 906 1204 956 regem
1245 906 1365 939 cum
1402 898 1511 941 toto
1560 890 1798 940 exercitu
1841 888 2133 940 adventare

279 958 507 1012 dicebat.
582 957 741 1024 Quod
778 958 950 1026 primo
986 975 1091 1007 non
1130 957 1417 1024 credentes,
1455 958 1547 1010 ubi
1584 959 1739 1010 nimis
1783 977 1967 1010 verum
2013 976 2136 1011 essev
2203 1021 2204 1027 ἵ

279 1036 621 1099 cognoscunt,
671 1029 796 1098 quia-
832 1044 930 1078 nec
966 1026 1170 1077 consilii
1219 1026 1366 1078 locus
1415 1036 1526 1079 erat
1570 1029 1787 1080 ineundi
1834 1046 1933 1080 nec
1983 1046 2132 1080 exer-

280 1101 416 1151 citus
463 1098 530 1149 ad
579 1097 840 1167 proelium
889 1096 1181 1162 ordinandi,
1228 1098 1369 1166 quod
1425 1116 1492 1149 ex
1545 1098 1836 1167 improviso
1883 1097 2130 1166 deprensi

279 1169 448 1222 solent
484 1168 672 1233 facere,
711 1167 867 1235 pauci
904 1165 1097 1235 quibus
1135 1165 1218 1217 vel
1254 1168 1462 1217 animus
1499 1166 1582 1218 vel
1628 1185 1775 1218 arma
1818 1167 2033 1218 fuerunt
2075 1167 2132 1218 in

277 1245 543 1309 promth,
581 1237 784 1288 fortiter
809 1235 957 1287 ibant
982 1235 1048 1287 ad
1074 1253 1327 1304 pugnam,
1365 1236 1542 1305 plures
1567 1255 1708 1303 vero,
1749 1235 1942 1307 quibus
1972 1235 2133 1306 longe

278 1308 362 1361 vel
399 1308 604 1360 animus
643 1305 726 1358 vel
763 1324 909 1356 arma
946 1314 1109 1368 erant,
1148 1312 1421 1356 vertuntur
1445 1307 1500 1356 in
1524 1306 1719 1375 fugam.
1791 1306 1991 1358 Verum
2027 1306 2133 1376 ipsi

278 1379 437 1447 pauci
476 1377 566 1446 qui
602 1376 670 1426 ad
707 1374 965 1444 proelium
1002 1375 1359 1443 perstiterunt,
1406 1374 1540 1427 bene
1586 1384 1840 1444 quantum
1889 1383 2138 1445 poterant

279 1447 363 1498 vel
402 1465 553 1498 suam
590 1444 674 1496 vel
711 1444 920 1495 illorum
960 1445 1051 1513 qui
1088 1444 1334 1512 fugerant
1370 1445 1542 1495 vicem
1588 1454 1920 1514 peregerunt.
1993 1444 2133 1497 Nam

278 1517 380 1568 nisi
419 1517 566 1567 Deus
602 1515 678 1566 ibi
716 1514 1019 1583 superbiam
1057 1521 1292 1565 nostram
1329 1513 1605 1566 humiliare
1632 1514 1966 1580 decrevisset,
2003 1533 2133 1584 pau-

282 1587 480 1638 cissimi
529 1585 694 1636 nostri
744 1592 912 1635 totum
963 1584 1259 1635 exercitum
1307 1582 1455 1634 illum
1503 1584 1558 1634 in
1605 1584 1787 1654 fugam
1835 1585 2135 1637 vertissent.

278 1656 541 1709 Postremi
579 1656 719 1706 enim
746 1653 950 1705 illorum
977 1655 1287 1719 nescienteS,
1326 1653 1467 1723 quod
1493 1661 1790 1705 nostrorum
1817 1672 1940 1723 pars
1965 1655 2139 1706 maior

279 1726 436 1795 fugae
474 1744 529 1776 se
567 1723 812 1789 dedisset,
852 1731 1143 1792 coeperunt
1180 1723 1264 1775 et&l
1308 1724 1412 1792 ipsi
1457 1723 1613 1792 fugae
1661 1723 1927 1793 praesidia
1975 1742 2133 1793 quae—

278 1814 412 1860 rere,
451 1802 502 1846 et
537 1795 639 1844 nisi
675 1792 750 1843 illi
774 1801 1071 1844 nostrorum
1097 1794 1278 1861 fugam
1303 1793 1450 1862 prius
1481 1795 1844 1862 agnovissent,
1879 1793 2137 1863 fugiendo

279 1865 432 1916 nobis
481 1864 757 1915 victoriam
804 1862 1155 1932 reliquissent.
1242 1861 1415 1927 Quem
1467 1864 1552 1913 cui
1596 1862 1722 1915 belli
1776 1881 1928 1914 casus
1985 1862 2136 1916 daret.

282 1935 539 1998 occidere,
587 1952 685 1984 nec
734 1934 863 2002 ipsis
912 1934 1002 2002 qui
1049 1931 1362 1984 occidebant
1407 1931 1632 1984 dabatur
1668 1949 1971 2002 agnoscere,
2011 1933 2138 2002 quia

282 2014 429 2057 tanta
454 2004 552 2054 fuit
577 2001 810 2073 pulveris
836 2002 975 2053 facta
1003 2002 1300 2068 commotio,
1326 2009 1383 2053 ut
1408 2003 1657 2072 cuiquam
1682 2003 1776 2053 vix
1800 2003 1937 2055 inter
1963 2003 2132 2054 civem

282 2083 334 2127 et
379 2075 584 2125 hostem
632 2081 811 2142 posset
862 2091 974 2123 esse
1024 2072 1287 2124 discretio.
1370 2071 1489 2123 Hoc
1538 2081 1716 2124 tamen
1763 2073 2135 2141 comperimUS,

284 2143 426 2213 quod
478 2142 636 2195 Udoe
691 2150 868 2193 noster
921 2141 1154 2193 marchio
1210 2142 1586 2194 consobrinum
1642 2161 1796 2193 suum
1845 2141 2133 2194 Rodulfum

284 2216 472 2267 ducem
509 2212 685 2282 gladio
724 2212 928 2264 fortiter
952 2212 1217 2280 percussit
1240 2212 1294 2261 in
1319 2211 1526 2278 faciem,
1561 2218 1612 2263 et
1635 2212 1738 2263 nisi
1769 2230 1927 2262 nasus
1952 2210 2136 2280 galeae

284 2283 586 2353 dependens
623 2281 846 2334 fideliter
884 2281 1203 2348 defenderet,
1242 2288 1447 2349 partem
1486 2282 1675 2350 capitis
1724 2282 1772 2333 ei
1809 2283 2136 2350 superiorem

284 2354 493 2423 penitus
520 2352 846 2404 abscidisset.
885 2352 1096 2404 Fratres
1122 2352 1177 2402 in
1202 2352 1290 2403 illo
1317 2350 1518 2420 proelio
1544 2353 1689 2402 fuere
1716 2351 1930 2417 diversi,
1956 2358 2134 2420 patres

285 2431 469 2475 contra
504 2421 664 2488 filios,
702 2439 908 2472 necnon
947 2430 997 2473 et
1033 2421 1121 2473 alii
1159 2421 1404 2473 affectusf
1441 2429 1589 2472 erant
1632 2428 1814 2472 contra
1859 2440 1913 2472 se
1961 2420 2138 2473 divisi..

287 2493 394 2545 Sed
433 2493 477 2544 si
516 2493 633 2561 quis
671 2490 841 2543 scelus
873 2492 927 2541 in
953 2510 1048 2543 suo
1074 2493 1374 2561 propinquo
1400 2491 1610 2557 faceret,
1636 2508 1669 2541 a
1692 2491 1902 2543 nemine
1927 2498 2137 2560 poterat

286 2564 424 2615 sciri.
483 2562 864 2614 Saevissimum
893 2561 1105 2630 quidem
1132 2562 1229 2612 fuit
1253 2560 1382 2612 illud
1403 2560 1676 2630 proelium,
1703 2559 1796 2612 sed
1821 2559 2138 2612 brevissimo

285 2645 521 2702 tempore
558 2640 847 2700 peractum.
920 2631 1058 2683 Nam
1094 2632 1259 2683 nostri
1285 2649 1503 2682 numero
1533 2648 1689 2700 quam
1716 2631 1873 2699 pauci
1902 2629 1994 2682 sed
2030 2630 2136 2680 vir-

285 2711 395 2754 tute
433 2701 584 2753 multi
627 2734 681 2738 —-
724 2703 830 2770 ipsi
867 2703 1007 2752 enim
1043 2700 1218 2752 hostes
1257 2719 1546 2769 numquam
1584 2707 1757 2750 tantos
1794 2700 1931 2751 ictus
1967 2697 2137 2768 gladi-

287 2791 435 2823 orum
475 2790 529 2824 se
565 2770 866 2823 fatebantur
900 2771 1112 2822 audisse
1151 2804 1215 2809 —
1261 2778 1542 2839 postquam
1591 2787 1647 2820 se
1684 2788 1716 2820 a
1753 2769 1860 2820 suis
1897 2769 2138 2820 desertos

286 2860 401 2893 esse
448 2840 694 2892 viderunt
743 2849 794 2891 et
842 2841 946 2909 ipsi
991 2839 1183 2892 multos
1223 2838 1509 2891 occidendo
1556 2837 1762 2907 fatigati
1797 2838 2024 2904 fuerunt,
2064 2856 2133 2889 ex

284 2912 468 2979 paucis
507 2911 782 2980 pauciores
820 2909 1075 2978 paulatim
1102 2929 1156 2961 se
1182 2928 1214 2959 a
1236 2908 1469 2978 periculo
1505 2909 1882 2960 subtraxerunt
1912 2909 2138 2977 regique

285 2981 538 3032 victoriae
578 2980 788 3049 quidem
826 2978 1064 3048 gloriam,
1103 2979 1193 3031 sed
1232 2997 1350 3029 cum
1387 2977 1550 3029 multa
1586 2995 1799 3028 suorum
1829 2978 1983 3029 ruina
2017 2975 2132 3029 reli-

287 3113 323 3154 a)
350 3114 386 3146 S.
418 3115 518 3145 circa
545 3115 669 3144 desunt
697 3116 740 3153 1,·
766 3115 896 3145 adsunt
924 3115 956 3147 2.
1068 3112 1106 3154 b)
1143 3114 1379 3146 Hechilstedi
1408 3114 1448 3153 13
1488 3113 1739 3145 Wichelstedt
1776 3108 1831 3144 1¹³.
1865 3113 1940 3145 cod.
1979 3112 2135 3151 Dresdq

284 3163 527 3195 Nechilstede
557 3164 590 3194 2.
715 3162 749 3204 c)
777 3164 866 3194 deese
897 3165 927 3195 1.
1055 3162 1092 3204 d)
1122 3165 1238 3194 etiam
1268 3159 1321 3196 lb.
1455 3161 1491 3203 e)
1518 3163 1600 3195 Udo
1628 3162 1798 3194 marchio
1826 3162 1873 3194 de
1899 3160 2068 3194 Stadhen
2096 3161 2131 3193 2.

286 3212 316 3253 f)
346 3212 498 3244 effectus
530 3213 560 3244 1.

290 3323 332 3371 1)
367 3321 619 3375 Behrinyen
643 3334 784 3373 prope
816 3320 1185 3373 Lanqemalzam.
1220 3320 1271 3361 P.
1305 3320 1494 3361 medium
1525 3319 1638 3361 inter
1671 3320 1905 3362 [aenaeum
1937 3324 1976 3360 et
2006 3317 2131 3359 Lan·
2191 3291 2204 3377 A?

283 3382 548 3436 yensalzam.
621 3381 677 3423 IV.
806 3383 851 3434 ’2)
887 3381 1145 3436 Νᾶ98ἰ3ίᾶάι
1179 3382 1238 3421 ad
1279 3381 1560 3422 Unstrudam.
1623 3380 1675 3422 P.

2181 3396 2204 3441 i

2180 3461 2204 3496 *ἶ
