2204 3765
238 82 294 120 72
733 78 929 119 BRUNO
961 78 1042 117 DE
1074 78 1269 117 BELLO
1304 77 1610 118 SAXONICO.

115 238 220 268 1078.
241 219 432 271 Paucis
461 218 616 282 enim,
651 218 786 268 sicut
811 223 1018 282 tempus
1044 215 1361 283 postulabat,
1387 214 1562 267 verbis
1588 216 1881 285 respondit:
1921 216 2090 270 ‘Sicut

75 287 169 326 ΑΨ·
189 287 220 318 ⁷·
242 288 430 353 video’‚
471 287 668 351 dicens,
708 286 777 334 ‘in
817 283 1058 335 cubiculo
1087 284 1267 335 domni
1293 286 1433 353 regis
1459 283 1703 335 hesterna
1739 294 1892 337 nocte
1917 286 2090 339 nullus

243 366 477 409 vestrum
532 374 614 406 me
661 354 810 405 vidit.
886 352 991 404 Sed
1037 352 1344 405 festinemus
1391 353 1459 405 ad
1505 354 1704 405 amicos
1751 363 1973 420 nostrOS,
2023 374 2091 408 ne

244 444 339 477 nos
390 425 587 475 inimici
636 432 849 491 repente
906 421 1301 491 deprehendant
1349 421 1628 474 incautos!'
1699 423 1867 475 Erant
1915 433 2090 477 autem

245 513 351 546 non
389 494 542 562 longe
580 500 643 541 aa
680 509 845 560 parva
885 491 1158 543 Saxonum
1209 491 1439 561 legione3
1497 510 1627 561 quos
1680 510 1800 543 cum
1849 491 1923 543 illi
1967 512 2090 546 suos

242 572 488 634 putarent
524 572 574 613 et
611 562 715 611 iam
755 580 810 612 se
848 577 1016 630 paene
1044 570 1227 630 captos
1253 569 1622 629 agnoscerent:
1663 562 1919 630 ‘Pergite',
1959 563 2094 616 dixit

250 633 350 697 ille,
392 640 512 700 ‘quo
551 629 738 695 vultis,
778 649 877 699 ego
916 631 1045 681 meis
1084 631 1343 699 adiungar
1380 632 1605 682 amicis!⁷

385 701 467 751 99.
542 698 958 764 willehalmusb,
999 701 1225 751 Geronis
1265 701 1470 751 comitis
1521 699 1676 765 filius,
1727 717 1846 750 cum
1894 708 2091 753 temere

244 771 427 840 paucis
468 779 554 820 scc
596 768 968 820 comitantibus
1006 770 1120 833 iret,
1159 768 1225 819 ab
1254 769 1563 821 Everhardo
1581 771 1618 835 ²¹,
1660 771 1750 838 qui
1789 769 1852 821 de
1890 772 2092 840 magni-

245 840 425 891 tudine
475 839 670 891 barbae
720 857 983 907 agnomen
1032 838 1276 904 habebat,
1330 857 1397 890 ex
1434 840 1723 908 improviso
1769 841 1991 908 capitur,
2043 847 2096 892 et

245 910 498 961 Heinrico
551 907 763 959 domino
821 926 913 958 suo
965 926 1158 976 magna
1204 926 1326 977 pars
1375 909 1627 978 triumphi
1672 910 2092 977 praesentandus

240 998 271 1029 a
309 977 560 1029 militibus
601 979 706 1029 suis
746 979 984 1043 ducitur3
1039 979 1153 1047 ipse
1201 996 1327 1029 vero
1366 996 1472 1029 non
1509 978 1680 1045 longe,
1734 979 1885 1048 quasi
1920 998 1986 1030 ne
2023 979 2090 1031 ab

240 1047 506 1117 aliquibus
555 1049 808 1116 eripiatur
855 1048 1185 1117 prospiciens
1235 1048 1544 1117 insequitur.
1617 1048 1688 1100 Et
1733 1065 1855 1099 ecce
1907 1049 2094 1118 copiae

243 1119 515 1170 Saxonum
555 1118 781 1169 maiores
821 1117 893 1167 illi
930 1117 994 1168 de
1021 1116 1181 1169 latere
1208 1118 1440 1179 veniunt,
1480 1126 1532 1169 et
1569 1136 1689 1169 eum
1726 1136 1833 1169 non
1868 1117 2093 1170 multum

241 1196 625 1257 repugnantem
667 1188 820 1238 citius
861 1187 1122 1238 occidunt.
1199 1187 1357 1251 Quod
1394 1187 1633 1239 videntes
1683 1186 1757 1238 illi
1796 1188 1919 1257 quie
1960 1187 2094 1240 Wil-

241 1257 524 1310 lehalmum
566 1256 845 1320 ducebant,
895 1258 1005 1308 eius
1053 1255 1216 1322 obliti,
1268 1256 1337 1307 ad
1376 1275 1528 1307 suum
1568 1257 1840 1307 dominum
1877 1256 2091 1310 festina-

239 1328 381 1380 bant.
456 1326 549 1378 Ille
587 1345 727 1391 vero,
769 1327 848 1376 sui
886 1344 992 1377 non
1031 1325 1237 1393 oblitus,
1280 1334 1475 1395 quanta
1511 1327 1684 1395 potuit
1708 1325 1987 1379 velocitate
2024 1327 2093 1379 ad

241 1415 361 1448 suos
400 1406 480 1447 est
515 1414 772 1447 reversus.

383 1467 496 1517 100.
571 1466 780 1517 Interea
817 1464 926 1515 dux
956 1464 1081 1517 Otto
1122 1473 1172 1516 et
1197 1463 1498 1516 Fridericus
1536 1463 1719 1534 palatii
1755 1465 2095 1535 praefectusf

240 1535 306 1587 de
347 1534 855 1604 Symersenburchg,
908 1534 1128 1586 diversis
1179 1535 1233 1584 in
1270 1533 1513 1603 partibus
1559 1535 1750 1586 acriter
1797 1545 2094 1604 pugnantes

239 1623 346 1657 11011
389 1615 509 1657 ante
561 1613 912 1669 cessaverunt,
965 1623 1123 1674 quam
1160 1603 1475 1655 Heinricum
1524 1622 1646 1655 cum
1694 1603 1938 1656 omnibus
1984 1607 2094 1658 suis

240 1675 308 1727 ad
344 1674 526 1743 fugam
565 1682 865 1743 coegerunt,
904 1692 1100 1743 eosque
1138 1673 1400 1742 fugientes
1432 1683 1539 1726 tam
1567 1674 1659 1725 diu
1697 1682 1818 1726 sunt
1852 1675 2092 1741 insecuti,

241 1745 409 1796 (101166
449 1763 536 1796 606
585 1763 734 1795 muro
772 1742 1207 1812 WVircebmgensi
1244 1743 1499 1795 videbant
1547 1742 1761 1796 includi.
1837 1744 1944 1797 Sed
1980 1745 2094 1797 Fri-

242 1815 449 1866 dericus
498 1815 753 1879 nesciens,
813 1813 942 1884 quid
981 1813 1107 1866 Otto
1161 1813 1271 1864 dux
1310 1815 1521 1882 egisset,
1578 1813 1646 1864 ad
1692 1812 1869 1865 locum
1905 1815 2095 1884 proelii

241 1884 536 1954 tripudians
583 1884 887 1949 revertitur;
945 1885 1070 1953 quia
1124 1882 1210 1935 ille
1255 1885 1345 1953 qui
1392 1883 1589 1952 fugatis
1638 1883 1878 1935 hostibus
1915 1884 2093 1938 locum

244 1954 421 2006 caedis
462 1953 797 2020 obtinuerith,
835 1955 1006 2005 victor
1030 1952 1268 2005 habetur.
1335 1953 1460 2006 Otto
1487 1971 1611 2004 vero
1650 1953 1760 2005 dux
1795 1971 1902 2005 non
1936 1954 2095 2024 longe

241 2035 362 2093 post
417 2024 603 2076 eodem
658 2042 926 2089 reversus,
981 2025 1098 2074 visa
1153 2031 1299 2074 tanta
1355 2022 1688 2074 multitudine
1735 2023 1956 2092 putabat
2005 2043 2095 2076 eos

240 2095 416 2145 hostes
455 2111 598 2158 esse,
650 2102 702 2145 et
749 2094 893 2162 quiai
941 2093 1094 2144 valde
1132 2093 1300 2144 fessus
1339 2101 1464 2158 erat,
1515 2111 1621 2143 non
1671 2092 1920 2145 credebat
1966 2093 2096 2147 utile

243 2183 363 2215 cum
403 2165 476 2215 eis
523 2182 759 2232 pugnam
806 2164 1057 2233 incipere.
1130 2163 1276 2214 Misit
1325 2172 1501 2214 tamen
1548 2161 1953 2232 exploratorem,
2004 2166 2095 2234 qui

244 2234 344 2286 sibi
397 2234 725 2303 perquireret
779 2234 1072 2285 veritatem.
1155 2233 1261 2297 Qui
1318 2250 1438 2283 611111
1495 2232 1571 2283 ibi
1621 2250 1822 2283 moram
1879 2234 2094 2301 faceret,

241 2311 492 2373 reputans
530 2302 615 2354 ille
655 2303 797 2372 quod
834 2303 900 2354 ab
948 2303 1097 2353 hoste
1145 2312 1328 2370 captus
1376 2301 1463 2352 vel
1511 2303 1713 2353 occisus
1762 2311 1913 2369 esset,
1971 2304 2096 2374 quia

241 2373 442 2424 nullum
481 2372 546 2424 de
588 2373 743 2424 sociis
792 2391 948 2442 quem
987 2380 1329 2441 cognosceret
1377 2372 1594 2438 invenit,
1643 2373 1814 2423 victor
1864 2373 2097 2443 quidem,

243 2443 335 2495 sed
372 2461 478 2494 non
513 2441 697 2508 laetus,
738 2444 861 2512 quia
897 2441 1183 2507 nesciebat,
1222 2441 1290 2492 ad
1327 2443 1552 2511 patriam
1590 2443 1884 2494 revertitur.

387 2513 499 2564 101.
576 2513 619 2562 F
623 2512 878 2564 ridericus
917 2521 1115 2579 autem,
1156 2510 1385 2563 collectis
1425 2512 1492 2562 ad
1531 2531 1585 2563 se
1624 2511 1688 2563 de
1718 2513 1940 2564 diversis
1977 2531 2096 2583 par-

241 2581 383 2634 tibus
407 2600 438 2632 a
459 2581 658 2651 proelio
691 2582 1095 2648 revertentibus,
1132 2590 1341 2633 noctem
1373 2580 1517 2633 illam
1550 2582 1605 2632 in
1633 2579 1798 2633 multa
1821 2582 2021 2635 laetitia
2045 2592 2099 2636 et

246 2654 478 2704 maxime
516 2653 571 2702 in
608 2651 788 2703 divina
814 2652 967 2704 laude
994 2653 1263 2720 transegit.
1337 2652 1401 2703 In
1438 2651 1665 2702 crastino
1702 2669 1829 2703 vero
1865 2654 2095 2722 receptis

245 2722 488 2774 omnibus
528 2740 661 2791 quae
710 2721 794 2773 vel
845 2723 976 2773 socii
1025 2720 1109 2773 vel
1154 2721 1330 2772 hostes
1377 2721 1451 2774 ibi
1496 2720 1828 2790 reliquerant,
1879 2721 2097 2775 meliora

245 2811 379 2862 quae
429 2800 671 2860 poterant
721 2801 1014 2860 asportare,
1071 2809 1251 2843 secum
1296 2790 1550 2857 tulerunt3
1609 2798 1784 2842 cetera
1830 2809 1972 2857 vero,
2027 2811 2097 2845 ne

243 2861 554 2930 prodessent
601 2861 838 2912 hostibus
883 2862 993 2930 igni
1044 2861 1314 2913 dederunt.
1388 2860 1519 2912 Inde
1564 2878 1689 2912 vero
1741 2879 1863 2912 cum
1900 2880 2097 2932 magno

244 2930 440 2999 gaudio
491 2938 752 2999 cantuque
789 2930 1085 2996 redeuntes,
1129 2929 1518 2982 Smelekallan¹
1571 2939 1622 2982 et
1668 2938 1868 2982 ceteros
1904 2932 1960 2982 in
1999 2933 2094 2983 cir-

245 3001 390 3052 cuitu
415 3000 560 3051 vicos
599 3011 688 3051 aut
713 2999 864 3050 villas
901 3000 1330 3069 praedationibus
1370 3009 1421 3052 et
1457 2999 1712 3052 incendiis
1737 3007 2099 3068 vast-averunt,

245 3134 282 3175 a)
312 3140 400 3168 ante
430 3137 460 3167 1.
548 3134 586 3175 b)
607 3135 872 3166 willehelmus
901 3144 1025 3167 comes
1053 3136 1098 3167 de
1115 3135 1317 3175 Camburh,
1345 3138 1489 3174 patrem
1517 3135 1660 3167 habens
1690 3135 1891 3176 Geronem,
1918 3140 2098 3176 patruum

244 3193 333 3216 vero
363 3185 561 3216 Dedonem
590 3184 849 3215 marchionem
879 3185 910 3216 2.
1007 3183 1042 3225 c)
1069 3185 1301 3225 paucissime
1330 3187 1362 3218 1.
1456 3183 1493 3225 d)
1521 3185 1564 3218 E.
1591 3185 1756 3216 Barbato
1784 3186 1961 3225 principe
1987 3194 2096 3226 prae-

246 3234 365 3265 nobili
395 3235 425 3265 2.
503 3233 538 3273 6)
567 3234 656 3263 deese
686 3235 718 3263 1.
795 3233 824 3273 f)
853 3234 996 3274 primus
1025 3236 1056 3265 1.
1150 3232 1186 3274 g)
1217 3233 1569 3273 Somerschenburg
1598 3230 1653 3265 lb.
1741 3232 1780 3274 h)
1810 3235 2030 3266 obtinuerat
2058 3236 2094 3266 1.

246 3282 273 3322 i)
299 3283 364 3322 qui
394 3285 425 3313 1.

248 3394 294 3445 1)
330 3390 680 3433 Schmalkalden.

2177 3407 2185 3410 ¹
2175 3387 2196 3393 l
