2204 3765
312 99 365 138 78
785 100 986 140 BRUNO
1020 99 1103 138 DE
1137 100 1334 141 BELLO
1370 101 1685 142 SAXONICO.

184 252 425 289 10:7.eum
463 238 675 290 vinculo
717 239 1074 288 anathematis
1113 237 1400 307 alliqastis.
1454 240 1521 290 In
1561 239 1644 291 his
1683 241 1926 292 omnibus
1953 249 2160 293 vestrae

305 310 629 376 paternitati
677 327 795 358 cum
841 325 1040 374 maqno
1072 307 1318 375 periculo
1361 316 1592 374 nostroa,
1640 311 1776 360 sicut
1812 329 1958 361 nunc
1987 318 2159 378 patet,

310 378 669 441 obedim'mus,·
709 384 754 425 et
776 378 904 443 quia
928 376 1095 427 eidem
1117 377 1354 445 deposito
1384 378 1492 428 adh
1520 379 1903 445 depositionem
1928 388 2158 430 vestram

308 468 419 497 cum
463 448 645 497 ceteris
683 446 1008 496 concordare
1046 446 1334 512 noluimus,
1372 455 1580 498 tantam
1616 449 1676 499 in
1704 449 1889 499 nobisc
1927 449 2154 500 crudeli-

306 525 457 567 tatem
501 517 752 579 eoeercuit,
793 523 849 565 vut
888 514 1256 582 quamplures
1283 534 1348 567 esc
1380 519 1595 582 nostris,
1635 518 1839 568 amissa
1865 519 2009 568 omni
2035 518 2155 570 sub-

305 587 535 648 stantia,
576 586 816 635 animam
857 586 913 634 in
953 585 1046 636 hoc
1084 587 1370 637 certamine
1401 589 1737 653 posuissent,
1775 595 1821 637 et
1843 586 1996 652 filios
2032 605 2157 639 suos

308 655 592 706 eaelzeredes
631 662 675 704 et
714 673 779 703 ea:
817 654 1075 705 divitibus
1105 674 1381 722 pauperes
1420 655 1772 724 reliquissent.
1840 655 1947 715 Qui
1985 664 2160 708 autem

309 725 514 776 residui
551 731 703 788 sunt,
742 724 805 774 de
844 725 955 774 vita
995 725 1207 775 cottidie
1247 724 1480 790 solliciti,
1522 727 1661 776 vitae
1700 726 1948 777 subsidia
1980 743 2159 793 paene

307 795 490 846 omnia
529 795 839 844 amiserunt.
915 793 1023 844 Sed
1061 814 1177 844 cum
1223 793 1377 845 nulla
1425 813 1523 846 nos
1566 797 1936 862 persecutione
1981 804 2160 863 posset

306 881 597 930 superare,
656 870 946 929 superatus
993 871 1066 912 est
1114 863 1226 928 ille,
1284 872 1340 914 ut
1394 864 1514 916 licet
1573 864 1760 916 nolens
1814 883 1969 916 suam
2013 865 2158 916 vobis

303 935 669 1002 praesentiam
721 933 1011 996 eoelziberet,
1070 941 1116 983 et
1161 935 1209 984 ei
1255 953 1403 1002 quem
1453 934 1828 999 inhonoravit,
1895 955 2013 986 cum
2059 953 2160 986 suo

304 1004 557 1054 dedecore
583 1002 831 1053 honorem
861 1003 1206 1069 impenderet.
1263 1003 1371 1054 Pro
1399 1023 1500 1072 quo
1537 1004 1718 1056 labore
1746 1005 1883 1055 hunc
1903 1004 2160 1072 fructum

305 1074 615 1140 recepimus,
657 1073 798 1139 quod
824 1072 926 1137 ille,
969 1074 1061 1140 qui
1087 1093 1205 1123 cum
1234 1073 1482 1141 periculo
1510 1075 1821 1125 animarum
1847 1082 2161 1125 nostrarum

303 1144 531 1211 vestiqia
567 1143 763 1209 pedum
812 1142 1144 1194 vestrorumd
1196 1144 1431 1195 adorare
1467 1144 1772 1211 compulsus
1810 1152 1908 1208 est,
1963 1143 2157 1212 absque

303 1221 481 1264 nostro
522 1211 747 1263 consilio
798 1221 843 1263 et
881 1214 996 1263 sine
1033 1216 1353 1266 correctione
1405 1213 1700 1278 absolutus,
1752 1214 1826 1264 ad
1861 1213 2161 1265 nocendum

303 1283 457 1334 nobis
495 1282 785 1332 libertatem
826 1285 1040 1349 recepit.
1102 1283 1331 1352 Cumque
1356 1284 1456 1335 illa
1495 1284 1854 1334 anathematis
1894 1283 2158 1334 absolutio

299 1371 402 1420 per
439 1350 717 1419 epistolam
754 1360 982 1402 vestram
1020 1353 1172 1405 nobis
1209 1354 1571 1418 innotesceret,
1611 1353 1673 1404 de
1711 1354 1974 1404 sententia
2000 1355 2160 1422 requi

304 1442 439 1490 quae
481 1423 536 1472 in
577 1440 692 1472 eum
722 1423 989 1487 processit
1026 1422 1199 1474 nichil
1234 1431 1493 1474 mutatum
1522 1442 1630 1473 esse
1656 1422 2029 1487 intelleoeimus,
2067 1423 2160 1474 sed

303 1511 367 1543 ne
407 1511 552 1542 nunc
606 1491 816 1558 quidem
855 1494 903 1542 si
939 1495 1144 1543 mutari
1181 1495 1381 1560 possit,
1432 1491 1805 1562 intelli-qimus.
1878 1490 2159 1544 Absolutio

303 1563 443 1612 enim
481 1560 580 1612 illa
617 1563 1047 1613 iuramentorum
1087 1563 1318 1631 qualiter
1355 1564 1568 1614 cassari
1602 1565 1788 1630 possit,
1828 1561 1977 1613 nullo
2004 1561 2158 1613 modo

295 1633 579 1700 percipere
616 1630 868 1682 valemus.
926 1631 1057 1683 Sine
1095 1641 1553 1685 sacramentorum
1593 1640 1767 1684 autem
1795 1631 2158 1684 observatione

302 1706 486 1771 reqiae
525 1701 816 1769 diquitatis
863 1700 1103 1769 officium
1146 1722 1492 1771 nequaquam
1545 1702 1929 1753 administrari
1968 1709 2158 1769 potest.

301 1772 450 1841 Erqo
478 1791 595 1822 cum
634 1773 746 1821 iam
767 1771 911 1821 ultra
936 1774 1074 1823 anni
1096 1775 1382 1824 terminum
1409 1775 1523 1824 sine
1559 1780 1758 1824 rectore
1796 1790 2051 1835 essemus,
2095 1772 2157 1824 in

302 1841 474 1893 locum
541 1841 603 1891 de
672 1859 772 1908 qzco
830 1844 1258 1909 praevaricatus
1324 1851 1399 1893 est
1460 1842 1573 1908 ille,
1641 1842 1784 1893 alius
1830 1842 2157 1909 principum

302 1919 607 1962 nostrorum
645 1911 892 1962 electione
930 1912 1256 1980 subroqatus
1296 1921 1385 1963 est.
1438 1912 1669 1981 Cumque
1709 1913 1772 1963 de
1811 1912 1965 1962 electo
2004 1911 2158 1963 nobis

302 2000 442 2049 resse,
482 1989 528 2031 et
566 1999 672 2032 non
711 1980 773 2031 de
811 1982 1044 2050 regibus,
1085 2001 1206 2049 spes
1243 2002 1449 2052 maqna
1493 1983 1566 2034 ad
1602 1980 2021 2050 refocillandum
2057 1982 2155 2033 im-

296 2053 515 2119 perium
583 2060 956 2117 succresceret,
1022 2071 1133 2103 ecce
1197 2071 1262 2104 eoe
1327 2055 1608 2121 insperato
1670 2051 1879 2103 litterae
1949 2059 2159 2102 vestrae

305 2122 663 2186 advenientes,
703 2121 839 2172 duos
878 2124 938 2172 in
977 2140 1087 2174 uno
1124 2141 1292 2191 rean
1329 2142 1481 2192 reyes
1513 2124 1907 2190 pronuntiant,
1951 2121 2158 2173 duobus

303 2191 622 2260 legationem
674 2190 982 2243 decernunt.
1070 2190 1245 2252 Quam
1299 2194 1443 2263 reqii
1497 2193 1733 2244 nominis
1777 2189 2157 2259 pluralitatem

303 2270 349 2311 et
388 2261 775 2329 quodammodo
813 2264 972 2330 reqni
1009 2263 1331 2314 divisionem
1368 2264 1566 2314 divisio
1613 2280 1817 2331 quoque
1858 2259 2062 2328 populi
2111 2268 2160 2312 et

303 2332 488 2382 studia
536 2332 788 2399 partium
835 2332 1115 2383 subsecuta
1164 2341 1319 2398 sunt,·
1379 2335 1580 2401 quippe
1635 2352 1753 2383 cum
1800 2332 1862 2382 in
1917 2329 2158 2398 epistolis

302 2402 493 2452 vestris
545 2400 697 2451 illius
744 2403 1218 2467 praevaricatoris
1265 2421 1565 2470 personam
1624 2419 1832 2469 semper
1877 2400 2160 2468 praeponi

303 2479 588 2536 cernerent,
628 2479 674 2521 et
713 2471 778 2522 ab
818 2489 874 2522 eo
914 2473 1054 2524 sicut
1093 2492 1127 2523 a
1158 2480 1374 2539 potente
1401 2474 1566 2542 eoeiqi,
1607 2480 1872 2540 quatenus
1899 2470 2155 2522 ducatum

302 2541 450 2592 vobis
507 2543 568 2593 in
625 2541 723 2591 has
771 2549 963 2608 partes
1015 2542 1089 2593 ad
1141 2542 1541 2594 discutiendam
1591 2560 1814 2594 causam
1853 2540 2155 2609 praeberet.

308 2610 474 2663 Cuius
513 2610 872 2662 discussionis
910 2612 1089 2681 qualis
1126 2612 1316 2663 modus
1354 2614 1439 2678 sit,
1479 2621 1537 2664 ut
1573 2610 1728 2664 salva
1765 2611 1954 2680 qratia
1978 2617 2156 2661 vestra

302 2681 574 2746 dicamus,
624 2681 870 2732 mirabile
907 2690 982 2733 est
1028 2683 1090 2732 in
1130 2682 1299 2734 oculis
1343 2684 1570 2747 nostris,
1618 2681 1817 2733 scilicet
1860 2688 1918 2731 ut
1967 2681 2013 2731 is
2061 2680 2158 2748 qui

302 2752 414 2801 iam
450 2750 691 2802 sinodali
724 2751 930 2804 iudicio
976 2751 1131 2803 nulla
1167 2753 1480 2804 condicione
1515 2753 1837 2819 interposita
1880 2749 2157 2817 depositus

304 2828 392 2884 est,
434 2820 544 2871 alio
570 2822 630 2870 in
657 2822 880 2873 eandem
908 2822 1225 2891 dignitatem
1253 2824 1554 2889 apostolica
1582 2823 1899 2873 auctoritate
1911 2819 2153 2886 firmato,

304 2909 450 2941 nunc
497 2890 714 2942 tandem
763 2891 836 2942 ad
884 2893 1151 2944 rationem
1194 2901 1466 2959 ponatur,
1523 2900 1568 2943 et
1623 2892 1765 2960 quod
1801 2890 2026 2957 finitum
2076 2897 2151 2939 est

303 2960 479 3011 denuo
515 2960 843 3028 incipiatur,
894 2969 940 3011 et
982 2962 1047 3013 de
1094 2981 1150 3013 re
1187 2961 1537 3014 indubitabili
1580 2963 1819 3030 quaestio
1855 2966 2148 3011 moveatur.

305 3029 420 3080 Hoc
467 3047 668 3097 quoque
716 3030 1082 3096 infirmitatem
1119 3039 1360 3082 nostram
1396 3039 1589 3096 movet,
1638 3031 1780 3099 quod
1822 3032 1960 3082 sicut
1996 3029 2151 3080 nobis

296 3099 686 3165 persuadetur,
733 3108 792 3150 ut
828 3102 887 3151 in
924 3102 1135 3169 incepto
1159 3099 1397 3165 firmiter
1432 3102 1820 3170 perduremus,
1872 3101 1950 3151 sic
1988 3099 2149 3150 etiam

303 3170 612 3219 contrariae
644 3171 803 3237 parti
836 3170 1010 3221 verbis
1047 3179 1093 3221 et
1128 3170 1285 3221 rebus
1323 3189 1443 3238 spes
1479 3173 1749 3223 innuitur.
1804 3170 1951 3221 Nam
1971 3168 2148 3236 fami-

300 3237 466 3289 liares
477 3240 756 3305 praedicti
770 3241 1036 3306 Heinrici,
1063 3242 1157 3309 qui
1178 3240 1241 3292 ab
1264 3243 1410 3292 omni
1426 3260 1593 3310 reqno
1611 3240 1851 3309 infamia
1871 3246 2148 3304 notantur,

304 3309 497 3376 quique
560 3307 645 3359 illi
711 3311 849 3361 sicut
913 3313 1032 3379 reqi
1095 3311 1375 3362 serviendo
1433 3311 1786 3381 synodalibus
1835 3310 2147 3378 praeceptis

231 3466 235 3470 ⁴
302 3426 339 3469 a)
367 3429 456 3459 deest
486 3430 518 3461 1.
621 3428 657 3471 b)
684 3430 773 3460 deest
804 3432 834 3462 l.
939 3428 971 3471 c)
998 3439 1065 3462 nos
1094 3431 1127 3462 2.
1229 3429 1267 3472 d)
1295 3434 1511 3464 nostrorum
1538 3434 1570 3464 1.
