2204 3765
255 100 312 140 50
741 95 938 135 BRUNO
971 94 1052 133 DE
1084 91 1280 133 BELLO
1315 91 1622 133 SAXONICO.

130 251 238 283 1076-
260 239 308 288 si
368 254 528 303 usque
588 237 643 284 in
685 233 856 299 finem
895 230 1086 297 fideles
1141 238 1187 281 et
1240 231 1553 282 inconcussi
1609 231 1664 281 in
1721 232 1836 282 eius
1893 231 2111 281 veritate

251 305 619 374 perstiteritis.
709 303 935 369 Propter
973 300 1116 368 quod
1171 307 1215 350 et
1270 318 1366 350 nos
1422 300 1756 350 incessanter
1802 317 1910 366 pro
1965 298 2114 349 vobis

266 392 520 443 roqamus
568 372 797 435 Decima,
862 377 917 420 ut
961 370 1045 420 det
1106 369 1247 420 vobis
1307 370 1555 420 virtutem
1617 368 1965 419 corroborari
2006 385 2113 436 per

267 443 537 511 Spiritum
578 448 821 492 sanctum
883 440 938 489 in
988 440 1201 490 nomine
1251 439 1385 502 eius,
1433 445 1479 488 et
1525 445 1795 488 convertat
1840 455 1932 489 cor
1968 438 2114 506 reqis

266 513 339 563 ad
372 512 787 579 poenitentiam,
827 515 885 559 ut
921 516 968 558 et
1006 510 1119 576 ipse
1159 507 1460 575 aliquando
1491 514 1767 575 agnoscat,
1804 524 1903 558 nos
1940 513 1987 558 et
2022 524 2115 557 vos

262 582 424 632 multo
469 582 645 632 verius
684 597 869 629 amare
908 596 1042 642 eum,
1118 596 1244 628 uam
1284 578 1379 644 qui
1407 595 1553 627 nunc
1582 577 1697 626 suis
1727 576 2113 643 iniquitatibus

262 651 628 718 obsequuntur
682 656 728 699 et
760 648 978 715 favent.
1069 596 1208 705 (guib
1259 648 1307 697 si
1355 646 1468 697 Deo
1523 646 1834 712 inspirante
1890 644 2118 697 voluerit

265 719 600 786 resipiscere,
652 718 912 785 quicquid
961 723 1151 767 contra
1207 734 1302 767 nos
1347 714 1628 780 moliatur,
1685 733 1892 784 semper
1938 721 2116 766 tamen

268 807 361 839 nos
400 787 474 838 ad
514 787 883 853 recipiendum
921 803 1036 837 eum
1076 786 1132 835 in
1172 793 1416 836 sanctam
1465 786 1902 849 communionem,
1947 790 2116 852 prout

266 865 438 908 restra
477 857 683 907 caritas
722 855 872 906 nobis
910 854 1254 919 consuluerit,
1284 861 1518 922 paratos
1554 855 1803 904 inveniet.

135 936 243 967 1081·
405 926 484 977 73.
561 925 756 975 Postea
793 941 935 988 vel-0,
987 931 1044 974 ut
1081 924 1687 975 excommunicationem
1725 941 1885 992 quam
1921 921 2120 975 fecerat

265 993 493 1064 amplius
522 994 871 1060 confirmaret,
910 992 1004 1044 has
1033 991 1232 1044 litteras
1258 993 1400 1044 misit
1424 993 1478 1042 in
1507 992 1824 1044 Teutonicas
1850 992 2122 1061 regiones:

409 1063 705 1132 Greqorius
723 1073 787 1098 ⁰·¹
829 1064 1114 1132 episcopus
1150 1081 1335 1114 servus
1372 1080 1647 1114 servorum
1673 1062 1794 1129 Dei,
1832 1060 2020 1114 dilecto
2056 1063 2121 1113 in

271 1135 675 1202 C'h‘ristofratri
700 1133 811 1186 ΝΑ1
850 1135 1101 1201 episeopo
1142 1131 1366 1184 salutem
1405 1141 1451 1184 et
1490 1131 1842 1200 apostolicam
1879 1131 2118 1184 benedic-

264 1208 474 1257 tionem.
555 1202 710 1263 Quod
748 1203 821 1254 ad
850 1202 1208 1271 perferendos
1259 1202 1467 1253 labores
1507 1222 1569 1253 ac
1598 1201 1856 1270 pericula
1882 1219 1995 1271 pro
2032 1201 2118 1253 de-

252 1275 512 1344 fensione
554 1273 793 1324 veritatis
829 1280 874 1323 te
916 1280 1184 1340 paratum
1233 1271 1597 1340 intelliqimus,
1654 1272 1833 1323 divini
1879 1272 2122 1323 muneris

263 1362 373 1396 esse
428 1362 534 1394 non
581 1341 906 1406 dubitamus,
957 1344 1147 1393 cuiuse
1198 1341 1328 1392 haec
1378 1348 1452 1391 est
1501 1339 1793 1409 ineffabilis
1838 1342 2027 1411 qratia
2073 1347 2124 1392 et

267 1415 406 1464 mira
463 1412 756 1477 clementia>
813 1411 955 1480 quod
1004 1429 1297 1479 numquam
1355 1409 1539 1462 electos
1586 1429 1709 1461 suos
1748 1412 1977 1480 penitus
2029 1410 2120 1462 ab·

265 1501 450 1535 errare
490 1482 777 1550 permittit,
831 1499 1125 1548 numquam
1159 1479 1429 1549 funditus
1475 1479 1800 1548 labefactari
1847 1487 1941 1532 aut
1978 1480 2122 1532 deici

266 1554 411 1617 sinit,
461 1552 589 1602 dum
628 1569 713 1602 eos
743 1551 1141 1618 persecutionis
1193 1557 1424 1618 tempore
1477 1551 1719 1617 quadam
1766 1549 1890 1602 utili
1916 1549 2121 1618 proba-

266 1625 408 1675 tione
459 1621 765 1685 discussos,
824 1621 984 1670 etiam
1021 1627 1149 1688 post
1208 1620 1626 1687 trepidationem
1674 1618 1918 1688 aliquam
1965 1625 2124 1671 semet

269 1693 405 1760 ipsis
438 1691 706 1759 fortiores
737 1688 905 1758 facit.
985 1688 1257 1749 Quoniam
1296 1697 1486 1755 autem,
1536 1691 1672 1741 sicut
1714 1691 1853 1741 inter
1888 1690 2123 1759 ignavos

267 1762 450 1826 alium,
491 1779 592 1829 quo
632 1763 851 1828 turpius
891 1759 1000 1811 alio
1024 1759 1237 1829 fuqiat,
1282 1761 1440 1810 timor
1476 1759 1805 1824 eccanimatf,
1844 1760 1925 1810 ita
1962 1760 2123 1810 etiam

270 1833 408 1882 inter
446 1838 731 1881 strennuos
772 1830 956 1894 alium,
997 1829 1325 1897 quofortius
1364 1827 1473 1879 alio
1515 1837 1662 1898 aqat,
1702 1847 1805 1898 quo
1845 1830 2126 1882 ardentius

257 1907 644 1970 prorumpatg,
699 1899 851 1950 virile
879 1907 1070 1968 pectus
1109 1899 1433 1967 inflammat:
1483 1900 1580 1950 hoc
1619 1900 1839 1951 caritati
1875 1907 2000 1950 tuae
2037 1916 2124 1950 θω-

269 1971 590 2022 hortationis
642 1987 759 2021 voce
807 1970 1119 2020 curavimus
1170 1969 1564 2034 commendare,
1628 1976 1685 2020 ut
1734 1987 1792 2020 eo
1837 1969 2016 2040 maqis
2061 1970 2123 2021 in

270 2042 384 2092 acie
431 2040 761 2091 christianae
820 2039 1103 2108 reliqionis
1158 2046 1300 2089 stare
1350 2046 1395 2090 te
1443 2038 1655 2089 delectet
1709 2040 1850 2091 inter
1888 2039 2121 2107 primos,

269 2128 372 2178 quo
412 2128 495 2161 eos
524 2127 633 2160 non
661 2108 880 2159 dubitas
906 2110 1098 2160 victori
1122 2107 1238 2160 Deo
1257 2110 1540 2176 prooeimos
1569 2116 1724 2176 atque
1751 2109 2124 2178 dignissimos.

274 2179 430 2239 Quod
470 2186 645 2230 autem
674 2178 987 2248 postulasti,
1043 2185 1088 2229 te
1139 2179 1301 2247 quasi
1338 2179 1537 2229 nostris
1575 2179 1798 2247 scriptis
1834 2179 2020 2230 iuvari
2059 2197 2123 2232 ac

259 2250 613 2319 praemmziri
673 2255 861 2299 contra
921 2248 1135 2300 illorum
1204 2249 1511 2313 insaniam,
1583 2249 1678 2316 qui
1737 2246 1979 2309 nefando
2034 2267 2127 2300 ore

267 2319 540 2389 qarriunt,
583 2319 953 2369 auctoritatem
981 2324 1202 2368 sanctae
1231 2316 1557 2386 apostolicae
1585 2318 1726 2369 sedis
1753 2336 1860 2370 non
1879 2319 2125 2386 potuisse

273 2407 445 2458 reqem
467 2388 837 2452 Heinricumh,
878 2388 1142 2439 hominem
1167 2387 1503 2438 christianae
1541 2387 1675 2457 leqis
1701 2395 2125 2455 contemptorem,

269 2457 614 2510 eeclesiarum
652 2457 896 2509 videlicet
933 2465 979 2508 et
1018 2458 1236 2525 imperii
1284 2457 1663 2509 destructorem
1700 2465 1858 2528 atque
1897 2459 2123 2510 haereti-

269 2547 449 2580 corum
477 2535 746 2578 auctorem
772 2535 818 2577 et
844 2535 1271 2592 consentaneum,
1307 2529 1787 2593 excommunicare,
1825 2546 1918 2580 nec
1945 2547 2120 2597 quem-

272 2616 437 2666 quam
495 2617 529 2648 a
584 2605 921 2649 sacramento
957 2596 1246 2663 fidelitatis
1303 2597 1419 2648 eius
1473 2597 1765 2663 absolvere,
1822 2615 1932 2649 non
1988 2598 2124 2650 adeo

274 2667 635 2719 necessarium
681 2667 835 2718 nobis
886 2668 1121 2731 videtur,
1178 2685 1295 2717 cum
1350 2667 1516 2718 huius
1564 2668 1644 2718 rei
1689 2674 1800 2718 tam
1843 2666 2012 2719 multa
2059 2686 2123 2719 ac

271 2738 572 2789 certissima
621 2738 940 2788 documenta
988 2738 1048 2788 in
1103 2755 1387 2787 sacrarum
1442 2737 1843 2804 scripturarum
1888 2738 2127 2807 paginis

273 2808 634 2875 reperiantur.
708 2806 896 2876 Neque
945 2807 1085 2858 enim
1132 2806 1401 2857 credimus
1452 2825 1553 2871 eos,
1608 2808 1702 2876 qui
1741 2806 1816 2857 ad
1854 2806 2125 2858 cumulum

270 2895 401 2927 suae
440 2877 812 2928 damnationis
856 2877 1074 2928 veritati
1110 2876 1446 2943 impudenter
1485 2876 1777 2927 detrahunt
1826 2884 1872 2927 et
1908 2884 2121 2929 contra-

271 3019 307 3049 a)
339 3011 533 3042 dominum
565 3014 592 3043 1.
720 3009 758 3050 b)
789 3010 897 3048 Quod
925 3010 962 3042 P.
994 3011 1037 3043 H.
1166 3009 1199 3051 c)
1231 3009 1274 3042 G.
1306 3012 1346 3049 13
1374 3010 1412 3041 in
1440 3010 1459 3041 2
1484 3019 1604 3049 pauca
1640 3015 1777 3042 tantum
1816 3012 1924 3042 huius
1957 3012 2125 3051 epistolae

269 3065 353 3090 sunt
380 3064 550 3099 excerpta.
713 3058 750 3099 d)
776 3060 997 3090 Hermanno
1027 3060 1207 3092 Mettensi
1234 3059 1285 3092 ecl.
1437 3057 1471 3099 e)
1503 3068 1587 3090 cum
1618 3061 1649 3092 1.
1810 3058 1838 3101 f)
1866 3061 2062 3092 examinat
2093 3063 2125 3093 1.

272 3108 308 3149 g)
337 3113 554 3148 corrumpat
584 3111 617 3140 1.
744 3107 782 3148 h)
812 3109 854 3139 N.
885 3111 915 3140 1.

277 3227 320 3276 1)
358 3224 485 3278 Greq.
525 3224 619 3264 VII
654 3224 757 3278 Hey.
790 3224 922 3276 VIII,
948 3226 1020 3266 21.
1049 3224 1151 3265 Coa.
1185 3224 1335 3265 Udalr.
1364 3226 1464 3266 156.
1498 3225 1548 3265 P.
1610 3225 1734 3267 Haec
1767 3224 1949 3279 epistola
1979 3225 2122 3278 primo

271 3285 379 3326 data
413 3293 472 3325 est
508 3286 566 3325 ad
588 3284 915 3326 Herimannum
948 3300 1012 3338 ep.
1043 3283 1141 3326 Met.
1176 3284 1330 3326 Idibus
1350 3285 1527 3327 Martiis
1563 3301 1604 3328 a.
1644 3286 1774 3337 1081,
1808 3293 1847 3326 et
1878 3286 2126 3340 arqumenti

270 3352 440 3387 tantum
490 3345 663 3400 qratia,
729 3360 815 3387 non
869 3345 1073 3399 temporis
1128 3345 1296 3387 ratione
1349 3346 1522 3394 habita,
1579 3347 1632 3387 ab
1688 3351 1862 3388 auctore
1912 3347 1989 3388 hoc
2032 3347 2123 3388 loeo
2175 3388 2180 3389 ⁷

271 3407 448 3448 inserta.
