2204 3765
580 87 778 127 BRUNO
809 89 890 128 DE
922 91 1116 132 BELLO
1151 93 1456 139 SAXONICO.
1881 111 1934 148 55

97 225 238 304 sicut
290 223 535 293 religiosi
589 226 910 291 sacerdotes,
975 229 1047 279 ad
1103 231 1348 283 bonorem
1398 234 1503 285 Dei
1557 246 1602 287 et
1657 241 1929 295 utilitatem
1957 261 2059 292 1081.

98 311 409 345 animarum
435 312 692 361 praeesse
729 296 971 361 cupiunt,
1008 299 1100 348 sed
1132 308 1189 349 ut
1214 301 1595 356 intolerabilem
1632 311 1931 374 superbiam

95 369 354 414 ostentent
416 363 692 432 animique
752 362 1030 416 libidinem
1091 367 1360 435 expleant,
1421 376 1601 424 ceteris
1665 376 1937 430 dmninari

97 429 365 499 affectant.
439 431 524 482 De
561 432 755 500 quibus
791 432 975 484 beatus
1006 435 1350 503 Augustinus
1388 442 1445 490 in
1484 441 1618 493 libro
1648 447 1832 511 primo
1871 449 1933 498 (le

93 501 346 552 doctrina
392 500 695 552 christiana
747 501 906 552 dicit:
976 503 1126 555 ‘Cum
1176 524 1295 557 vero
1344 510 1501 559 etiam
1548 512 1638 575 eis,
1697 515 1790 580 qui
1834 517 1935 566 sibi
1953 546 1979 567 c.
2001 538 2053 569 23.

94 569 424 621 naturaliter
449 587 621 637 pares
658 576 799 635 sunt,
838 571 933 621 hoc
963 580 1036 622 est
1063 574 1383 640 hominibus,
1423 578 1637 645 quilibet
1663 582 1937 634 chnninari

94 637 359 707 affectata,
406 639 765 690 intolerabilis
803 640 1020 691 omnino
1071 644 1326 709 superbia
1377 649 1481 696 est.’
1588 650 1722 700 'orro
1762 660 1934 704 autem

91 708 407 774 exorcistae,
459 716 516 758 ut
561 708 818 772 discimus>
865 727 1038 777 supra
1088 712 1369 764 daemones
1422 734 1455 766 a
1493 716 1606 769 Deo
1652 720 1935 787 imperium

93 777 319 843 kabent;
382 785 583 845 quanto
630 778 804 846 iqitur
850 780 1026 847 maqis
1076 799 1240 849 super
1287 801 1400 846 eos,
1451 787 1546 853 qui
1592 787 1937 841 daemonibus

92 846 317 898 subiecti
353 854 400 898 et
435 847 668 898 membra
714 854 841 898 sunt
879 848 1233 901 daemonum?
1308 851 1372 904 Si
1422 871 1546 922 erqo
1598 856 1680 906 leis
1729 866 1933 909 tantum

90 917 434 984 praeminent
476 918 788 981 eecorcistae,
842 925 1042 985 quanto
1094 920 1328 987 amplius
1366 926 1696 975 sacerdotes?
1770 928 1931 978 Prae-

89 993 237 1037 terea
264 987 435 1037 omnis
460 1004 557 1036 rex
595 986 931 1038 christianus
961 988 1034 1038 ad
1059 989 1259 1039 eaeituni
1286 993 1519 1057 veniens,
1558 1002 1614 1043 ut
1640 999 1933 1047 carceremb

92 1055 290 1106 evadat
319 1055 548 1121 inferni,
586 1062 644 1106 ut
681 1055 743 1107 de
768 1056 997 1108 tenebris
1033 1059 1091 1108 in
1130 1057 1295 1110 lucem
1333 1061 1533 1126 tendat,
1572 1070 1628 1112 ut
1654 1065 1716 1114 de
1747 1085 1935 1133 pecca·

91 1132 268 1176 torum
305 1124 538 1177 vinculis
582 1125 642 1176 in
680 1125 789 1176 Dei
832 1126 1038 1177 iudicio
1089 1127 1364 1179 absolutus
1417 1141 1704 1198 appareat,
1761 1153 1934 1184 sacer-

91 1195 233 1246 dotis
283 1213 431 1263 opem
477 1194 708 1263 supplem
755 1213 818 1245 ac
862 1196 1209 1247 miserandus
1257 1200 1502 1266 requirit.
1581 1201 1714 1259 Quis
1763 1211 1935 1254 autem

92 1281 201 1315 non
238 1264 392 1316 modo
432 1265 787 1328 sacerdotum,
842 1283 1025 1316 verum
1071 1267 1225 1317 etiarn
1274 1267 1536 1319 laicorum
1584 1271 1637 1320 ¹in
1692 1274 1936 1323 eoetremis

82 1334 318 1402 positus,
357 1353 468 1403 pro
514 1335 676 1384 suae*
717 1335 935 1385 animae
972 1334 1143 1387 salute
1191 1340 1390 1389 terreni
1433 1340 1578 1406 reqis
1625 1339 2105 1407 i2›zplor(coz‘t*p.³59.

90 1402 402 1454 auxilium?
501 1402 639 1463 Quis
692 1422 815 1455 vero
876 1422 1063 1473 requm
1127 1413 1222 1456 aut
1270 1407 1653 1475 imperatorum
1709 1409 1936 1478 aliquem

91 1473 452 1525 christianum
490 1491 555 1524 ecc
590 1475 841 1542 imposito
881 1474 984 1525 sibi
1017 1473 1197 1540 officio
1224 1475 1362 1527 valet
1395 1495 1547 1528 sacro
1587 1478 1936 1546 baptismatee

90 1560 158 1593 ew
195 1543 404 1595 diaboli
434 1551 692 1612 potestate
729 1544 935 1612 eripere
974 1551 1020 1593 et
1054 1545 1195 1595 inter
1224 1544 1376 1610 filios
1411 1546 1518 1597 Dei
1554 1565 1936 1600 connumerare

90 1620 379 1681 sanctoque
425 1614 708 1665 chrismate
749 1613 1143 1681 praemunire?
1217 1615 1287 1665 Et
1334 1616 1475 1684 quod
1522 1618 1812 1669 maximum
1865 1627 1937 1669 est

91 1684 152 1734 in
193 1683 498 1734 christiana
537 1683 816 1753 reliqione,
857 1685 979 1752 quis
1006 1702 1185 1734 eorum
1211 1684 1349 1736 valet
1364 1687 1599 1753 proprio
1628 1705 1714 1738 ore
1741 1706 1937 1755 corpus

91 1759 141 1803 et
197 1754 521 1822 sanquinem
565 1753 794 1805 Domini
842 1752 1131 1820 conficere?
1192 1753 1272 1804 vel
1320 1756 1410 1805 cui
1457 1774 1631 1806 eorum
1687 1757 1815 1806 data
1866 1765 1937 1808 est

84 1829 324 1891 potestas
361 1822 581 1891 liqandi
619 1822 964 1892 solvendique
1003 1824 1061 1873 in
1089 1822 1228 1875 coelo
1256 1831 1301 1874 et
1324 1825 1383 1874 in
1411 1823 1591 1875 terrai?
1630 1826 1717 1875 Eae
1744 1826 1935 1894 quibus

92 1899 276 1960 aperte
313 1892 606 1962 colliqitur,
646 1899 856 1962 quanta
872 1899 1135 1962 potestate
1155 1892 1455 1960 pvaecellat
1482 1893 1725 1963 diqnitas
1763 1913 1934 1946 sacer-

88 1962 290 2013 dotum.
364 1961 476 2013 Aut
513 1964 634 2031 quis
671 1981 854 2014 eorum
882 1969 1060 2031 potest
1100 1960 1329 2032 aliquem
1368 1963 1615 2014 clericum
1653 1966 1707 2014 in
1750 1972 1938 2015 sancta

89 2030 316 2083 ecclesia
365 2031 663 2084 ordinare?
722 2040 922 2102 quanto
971 2033 1154 2083 minus
1202 2051 1309 2100 pro
1364 2032 1549 2102 aliqua
1607 2033 1767 2102 culpa
1824 2052 1938 2084 eunt

88 2101 395 2169 deponere?
489 2102 741 2172 Namque
809 2104 870 2153 in
939 2101 1310 2153 ecclesiasticis
1372 2102 1655 2153 ordinibus
1714 2104 1940 2154 maioris

81 2174 367 2239 potestatis
429 2180 503 2222 est
566 2172 829 2240 deponere
890 2190 1053 2241 quam
1115 2172 1391 2223 ordinare.
1481 2172 1746 2240 Episcopi
1800 2175 1937 2224 enim

81 2248 317 2309 possunt
354 2241 492 2293 alios
530 2243 809 2310 episcopos
849 2243 1126 2307 ordinare,
1165 2242 1255 2292 sed
1293 2241 1438 2293 nullo
1464 2242 1618 2293 modo
1658 2243 1772 2292 sine
1813 2260 1937 2292 auc-

88 2312 304 2362 toritate
343 2311 670 2379 apostolicae
706 2312 850 2363 sedis
876 2312 1157 2380 deponere.
1236 2308 1369 2370 Quis
1396 2313 1568 2378 iqitur
1592 2311 1671 2361 vel
1708 2313 1938 2361 tenuiter

88 2380 291 2432 sciolus
328 2381 528 2432 dubitet
551 2382 850 2434 sacerdotes
874 2381 1092 2450 reqibus
1131 2379 1463 2448 anteferrid?
1524 2378 1680 2439 Quod
1718 2382 1765 2432 si
1789 2398 1938 2449 reyes

80 2468 189 2519 pro
233 2453 477 2519 peccatis
532 2452 648 2503 suis
699 2471 734 2502 a
783 2451 1152 2502 sacerdotibus
1204 2458 1330 2501 sunt
1376 2451 1694 2513 iudicandi,
1753 2469 1785 2500 a
1835 2467 1937 2516 quo

89 2521 289 2571 rectius
326 2539 489 2588 quam
528 2541 563 2572 a
589 2521 837 2572 Romano
869 2520 1125 2588 pontifice
1161 2527 1288 2571 sunt
1320 2518 1644 2571 iudicandis2
1683 2518 1773 2568 Ad
1798 2536 1935 2569 sum-

89 2609 231 2642 mam
269 2591 526 2658 quoslibet
563 2591 724 2643 bonos
763 2591 1089 2642 christianos
1138 2589 1299 2641 multo
1339 2589 1737 2640 convenientius
1777 2606 1937 2655 quam

90 2659 261 2711 malos
309 2661 596 2729 principes
644 2679 793 2730 reqes
846 2659 1082 2729 intell‘iqi
1130 2659 1286 2711 decet.
1369 2658 1468 2709 Isti
1516 2660 1653 2709 enim
1705 2655 1936 2725 qloriam

91 2729 200 2780 Dei
224 2730 531 2799 quaerendo
558 2738 711 2782 semet
737 2732 886 2799 ipsos
915 2737 1166 2781 strennue
1202 2735 1424 2796 requnt;
1466 2734 1520 2778 at
1556 2725 1641 2777 illi
1666 2744 1771 2776 non
1799 2742 1936 2793 quae

90 2799 198 2851 Dei
234 2807 362 2851 sunt
397 2801 489 2852 sed
526 2819 629 2852 sua
667 2807 996 2870 quaerentes,
1035 2799 1238 2850 sibimet
1262 2799 1449 2862 hostes.
1488 2795 1624 2847 alios
1655 2796 1937 2863 tyrannice

93 2871 427 2938 opprimunt.
502 2871 581 2921 Hi
613 2871 760 2921 verte
787 2871 934 2939 reqis
966 2868 1180 2933 Christi,
1218 2867 1304 2918 illi
1340 2885 1461 2918 vero
1501 2864 1703 2917 diaboli
1739 2881 1937 2930 corpus

88 2945 232 2990 sunt.
305 2939 405 2991 Isti
444 2940 518 2991 ad
556 2940 652 2991 hoc
702 2940 807 2991 sibi
840 2942 1129 3008 imperant,
1181 2945 1237 2988 ut
1282 2935 1435 2988 cunis
1470 2953 1668 2986 summo
1707 2935 1938 3001 impera-

87 3015 201 3060 tore
252 3008 595 3061 aeternaliter
635 3021 889 3079 reqnent;
950 3006 1167 3060 illorum
1222 3024 1343 3057 vero
1401 3005 1460 3056 id
1503 3011 1745 3073 potestas
1803 3003 1935 3121 alqit7

91 3085 152 3130 ut
187 3097 307 3129 cum
342 3080 684 3131 tenebrarum
714 3079 987 3147 principe,
1029 3078 1124 3146 qui
1159 3094 1255 3127 reoe
1286 3083 1360 3126 est
1385 3092 1548 3142 super
1587 3090 1761 3124 omnes
1784 3072 1934 3138 flios

87 3149 397 3217 superbiae,
437 3157 657 3201 aeterna
698 3148 1048 3199 damnatione
1079 3147 1402 3212 dispereant.
1464 3143 1574 3194 Nec
1612 3142 1767 3192 valde
1806 3157 1934 3191 sane

91 3219 406 3270 mirandum
466 3227 564 3284 est,
627 3218 769 3288 quod
826 3217 961 3269 mali
1014 3215 1295 3285 pontifices
1349 3214 1538 3281 iniquo
1593 3212 1724 3280 reqi,
1787 3226 1933 3277 quenz

88 3357 130 3400 a)
158 3359 357 3392 affectatur
379 3362 410 3391 1.
512 3359 550 3402 b)
579 3362 619 3392 in
648 3369 746 3393 care.
766 3362 798 3391 1.
901 3359 934 3400 e)
963 3358 1198 3398 baptismatis
1217 3357 1246 3387 1.
1349 3353 1386 3394 d)
1416 3353 1566 3384 anferre
1593 3354 1625 3384 1.
1725 3349 1760 3390 θ)
1790 3356 1876 3379 ‘'f-'re
1907 3349 1937 3380 ¹·

89 3408 122 3449 f)
150 3410 241 3440 deest
269 3411 301 3442 1.
