2204 3765
147 245 253 277 1076.

152 521 254 552 1077.

89 1635 255 1677 *p.365.

273 92 329 131 66
758 88 954 130 BRUNO
986 89 1066 127 DE
1100 87 1295 126 BELLO
1329 86 1637 127 SAXONICO.

273 230 374 282 sibi
412 247 532 280 cum
570 228 736 295 ipsius
764 243 1023 277 consensu
1050 231 1378 293 quaererent,
1419 224 1508 291 qui
1532 241 1752 292 regnare
1791 225 1962 277 sciret.
2022 226 2119 277 His

273 297 515 351 omnibus
554 296 628 348 ibi
667 296 920 365 peractis,
971 294 1235 345 exercitus
1281 299 1502 360 uterque
1540 310 1660 342 cum
1704 293 1867 344 multa
1904 296 2120 348 caritate

273 367 547 431 dividitur,
596 374 647 416 et
689 375 907 434 uterque
955 362 1252 431 tripudians
1303 371 1354 412 et
1390 361 1507 412 Deo
1553 361 1735 413 laudes
1786 371 2003 415 cantans
2052 364 2122 415 ad

274 456 371 489 sua
407 436 699 486 revertitur.

415 506 495 556 89.
547 502 886 571 Apostolicus
913 510 1087 553 autem
1110 519 1246 566 cum,
1276 499 1412 551 sicut
1437 507 1650 568 rogatus
1672 509 1796 565 erat,
1825 502 2124 569 Augustam

272 593 455 626 versus
493 574 745 637 tenderet,
785 580 842 623 ut
878 571 952 622 ibi
988 570 1316 638 ingrediente
1345 569 1653 635 Februario,
1693 571 1784 638 qui
1820 578 1932 622 erat
1955 588 2124 623 annus

272 644 493 695 Domini
522 643 669 707 1077,
709 643 845 693 sicut
878 641 1149 710 placuerat
1174 639 1502 708 principibus
1528 639 1750 705 adesset,
1789 649 1839 692 et
1863 648 2124 693 nostrates

270 713 392 764 illuc
433 722 648 763 econtra
691 712 870 761 venire
915 711 1244 773 festinarent,
1295 718 1350 759 ut
1386 708 1639 759 domnum
1676 726 1872 778 papam
1908 728 2124 761 venera-

271 783 446 834 biliter
493 783 628 832 sicut
677 779 900 832 decebat
948 780 1275 847 acciperent,
1331 796 1454 829 ecce
1501 778 1770 830 nuntiatur
1814 779 2123 848 apostolico,

271 851 587 904 Heinricum
626 868 745 901 cum
786 867 977 918 magno
1017 849 1256 900 exercitu
1293 847 1500 898 Italiam
1549 848 1794 913 intrasse,
1843 858 1893 901 et
1929 850 1973 900 si
2010 851 2124 917 ipse

274 932 477 972 montes
528 921 665 971 sicut
700 918 910 971 volebat
947 917 1379 982 transcendisset,
1427 917 1585 968 alium
1635 935 1829 986 papam
1866 937 1963 988 pro
2001 918 2125 970 illoa

274 992 591 1043 constituere
611 988 762 1040 velle.
824 990 1009 1058 Itaque
1028 990 1188 1039 misso
1209 986 1458 1039 velociter
1476 988 1667 1038 nostris
1697 987 1909 1038 obviam
1934 987 2125 1056 legato,

271 1063 385 1131 ipse
432 1061 594 1111 tristis
640 1062 801 1110 immo
852 1058 985 1109 sibib
1036 1057 1198 1109 multa
1243 1059 1434 1109 timens
1480 1058 1785 1123 revertitur,
1824 1067 1882 1110 ut
1917 1057 2126 1110 Italiam

273 1150 305 1182 a
342 1129 519 1199 gladio
559 1138 608 1181 et
646 1131 768 1198 igne
805 1137 1028 1180 tueatur.

411 1200 493 1251 90.
570 1199 852 1251 Heinricus
879 1208 1056 1250 autem
1083 1216 1177 1266 per
1203 1196 1410 1248 Italiam
1435 1216 1636 1265 vagans
1662 1196 1796 1264 1000,
1835 1197 1926 1249 sed
1953 1198 2124 1266 magis

272 1271 475 1335 animo,
515 1268 640 1338 quid
679 1278 859 1337 ageret
896 1267 1189 1332 nesciebat,
1230 1268 1355 1335 quia
1392 1266 1648 1335 quicquid
1685 1274 1865 1334 ageret
1900 1286 2124 1337 regnum

271 1340 495 1409 perdere
535 1339 769 1390 timebat.
830 1337 947 1389 Nisi
986 1338 1123 1388 enim
1163 1335 1390 1405 supplex
1428 1335 1496 1386 ad
1533 1336 1885 1406 apostolicum
1922 1337 2127 1390 veniret

273 1418 325 1461 et
349 1428 444 1478 per
470 1427 589 1459 eum
618 1407 817 1459 solutus
844 1426 875 1458 a
901 1407 1074 1459 banno
1101 1406 1300 1471 fuisset,
1327 1423 1550 1473 regnum
1578 1425 1632 1457 se
1657 1424 1764 1456 non
1790 1415 2128 1475 recepturum

271 1497 367 1548 pro
396 1487 537 1530 certo
566 1477 782 1529 sciebat.
858 1478 915 1528 Si
940 1494 1065 1528 vero
1105 1474 1332 1545 supplex
1364 1475 1432 1526 ad
1471 1475 1882 1528 satisfactionem
1907 1477 2128 1543 veniret,

272 1547 508 1614 timebat,
546 1567 612 1599 ne
650 1548 749 1599 sibi
786 1565 881 1616 pro
920 1546 1284 1615 magnitudine
1313 1545 1591 1596 criminum
1626 1564 1848 1614 regnum
1885 1546 2129 1615 pontifex

274 1619 523 1683 auferret,
575 1616 657 1669 vel
700 1617 800 1669 sibi
848 1616 1174 1668 inobedienti
1211 1615 1421 1667 vincula
1462 1617 1737 1684 potestatis
1774 1614 2128 1685 apostolicae*

274 1687 580 1757 duplicaret.
631 1688 776 1756 Ergo
803 1687 857 1737 in
883 1686 1059 1737 multis
1087 1686 1223 1737 curis
1249 1687 1303 1736 in
1324 1685 1533 1736 diversa
1553 1685 1821 1739 dividitur.
1869 1685 2129 1751 Quamvis

273 1768 451 1810 autem
477 1767 699 1827 utroque
725 1757 882 1809 modo
902 1776 956 1808 se
982 1756 1246 1826 perditum
1270 1763 1320 1807 et
1351 1757 1678 1824 periturumc
1710 1773 1818 1806 non
1849 1756 2128 1822 dubitaret,

273 1837 451 1880 tamen
489 1827 630 1879 illam
668 1837 888 1896 partem,
924 1828 978 1877 in
1018 1844 1121 1896 qua
1146 1825 1346 1895 aliquid
1385 1826 1499 1894 spei
1525 1844 1638 1877 esse
1664 1823 1903 1894 putabat,
1942 1825 2127 1894 elegit3

276 1908 327 1950 et
361 1897 526 1949 laneis
564 1896 780 1948 indutus
817 1896 971 1947 nudis
1010 1895 1236 1966 pedibus
1263 1895 1332 1946 ad
1369 1895 1718 1964 apostolicum
1744 1896 1903 1962 venit,
1943 1895 2127 1947 dicens

275 1987 328 2020 se
383 1967 502 2037 plus
555 1985 731 2018 amare
785 1985 1007 2036 regnum
1063 1965 1287 2017 coeleste
1344 1984 1504 2034 quam
1559 1973 1848 2030 terrenum,
1904 1974 1955 2017 et
2007 1965 2128 2017 ideo

271 2038 648 2108 poenitentiam
688 2054 1056 2107 quamcunque
1096 2035 1197 2087 sibi
1233 2034 1389 2087 vellet
1423 2035 1711 2104 imponere,
1769 2054 1823 2086 se
1861 2034 2131 2087 humiliter

272 2116 655 2176 suscepturum.
718 2105 1057 2176 Apostolicus
1084 2123 1207 2157 vero
1248 2105 1313 2157 de
1351 2106 1482 2157 tanti
1514 2105 1613 2156 viri
1651 2112 1795 2156 tanta
1831 2104 2127 2157 humilitate

270 2177 514 2240 laetatus,
553 2178 824 2247 praecepit
862 2177 909 2228 ei
945 2185 1003 2228 ut
1039 2174 1307 2244 regalemd
1348 2184 1611 2240 ornatum,
1654 2174 1823 2226 donec
1859 2175 1974 2244 ipse
2012 2194 2127 2243 per-

272 2249 523 2312 mitteret,
583 2246 685 2297 sibi
736 2265 843 2297 non
902 2247 1223 2316 imponeret,
1283 2252 1541 2314 quatenus
1601 2245 1948 2313 omnipotenti
2005 2245 2126 2297 Deo

272 2318 541 2386 acceptior
579 2325 715 2368 esset
753 2317 927 2368 cordis
967 2317 1078 2367 eius
1118 2317 1378 2381 contritiO,
1418 2333 1521 2384 quo
1561 2332 1678 2366 eam
1718 2323 1770 2366 et
1803 2314 1929 2365 foris
1956 2321 2127 2366 osten-

274 2388 422 2438 deret
468 2386 587 2437 vilis
633 2386 844 2437 habitus
890 2385 1217 2451 testimoni03
1266 2394 1317 2437 et
1369 2394 1429 2436 ut
1465 2402 1554 2436 eos
1594 2385 1684 2454 qui
1729 2393 1877 2436 erant
1914 2402 2127 2436 excom-

273 2457 542 2519 municati,
570 2457 810 2508 convivio
836 2455 924 2506 vel
951 2455 1211 2525 colloquio
1232 2456 1448 2521 vitaret3
1487 2473 1554 2506 ne
1581 2454 1724 2524 quod
1749 2455 1802 2504 in
1830 2473 1884 2505 se
1910 2455 2126 2523 propria
2172 2472 2177 2486 ³

274 2526 617 2578 conversione
652 2527 836 2578 fuisset
871 2527 976 2577 Dei
1012 2526 1183 2594 gratia
1228 2524 1568 2588 mundatum,
1618 2523 1841 2575 aliorum
1878 2524 2127 2592 contagio

273 2597 421 2649 fieret
444 2597 615 2665 magis
643 2615 800 2665 quam
825 2595 994 2648 fuerat
1018 2594 1348 2650 inmundum,
1424 2593 1581 2659 Quod
1610 2603 1895 2663 utrumque
1921 2611 2043 2644 cum
2069 2611 2127 2645 se

273 2666 535 2719 facturum
561 2665 908 2735 polliceretur,
947 2664 1221 2717 absolutus
1254 2665 1351 2715 hac
1377 2663 1493 2732 lege
1532 2663 1829 2727 dimittitur,
1866 2662 2124 2714 multum⁰

274 2737 502 2788 monitus
541 2755 605 2787 ne
633 2737 749 2788 Deo
786 2736 1094 2802 mentiatur,
1133 2735 1257 2804 quia
1294 2734 1338 2784 si
1374 2734 1633 2803 promissa
1668 2751 1774 2785 non
1808 2731 2126 2802 impleverit,

273 2824 380 2857 non
427 2805 596 2857 solum
646 2807 823 2875 priora
868 2804 1079 2856 vincula
1127 2822 1233 2855 non
1279 2803 1608 2867 auferantur,
1664 2802 1758 2854 sed
1807 2804 1965 2854 etiam
2021 2801 2124 2853 alia

276 2876 537 2927 strictiora
592 2875 1030 2945 superaddantur.
1119 2874 1304 2943 Itaque
1369 2891 1611 2924 reversus
1667 2872 1735 2924 ad
1790 2890 1937 2938 SUOS,
2003 2890 2124 2923 cum

277 2945 539 3014 coepisset
583 2963 672 2996 eos
720 2962 751 2995 a
796 2963 892 2996 suo
932 2945 1175 2995 convivio
1222 2961 1491 3012 separare,
1538 2960 1791 3011 magnum
1834 2948 2124 3011 coeperunt

275 3014 557 3066 tumultum
594 3014 780 3075 facere,
833 3014 1067 3066 dicentes
1104 3014 1166 3079 ei,
1208 3014 1332 3083 quia
1369 3013 1413 3063 si
1451 3030 1555 3078 eOS,
1600 3030 1824 3081 quorum
1861 3012 2125 3082 sapientia

276 3092 328 3135 et
350 3085 543 3135 virtute
577 3083 915 3135 obtinuissetf
950 3083 1202 3136 hactenus
1239 3100 1476 3151 regnum,
1512 3100 1652 3132 nunc
1678 3100 1710 3132 a
1741 3100 1795 3133 se
1832 3079 2124 3151 repelleret,

276 3152 596 3221 apostolicus
636 3155 682 3205 ei
718 3172 818 3205 nec
852 3152 981 3204 illud
1006 3152 1225 3204 reddere
1262 3169 1361 3203 nec
1385 3150 1528 3202 aliud
1554 3153 1826 3221 acquirere
1851 3151 2121 3220 potuisset.

276 3223 376 3274 His
424 3232 475 3274 et
524 3222 639 3274 aliis
688 3222 880 3275 talibus
924 3223 1100 3275 verbis
1148 3222 1355 3272 animus
1405 3222 1516 3273 eius
1570 3222 1903 3286 immutatur,
1954 3228 2006 3272 et
2053 3218 2123 3271 ad

277 3328 312 3367 a)
341 3336 481 3367 papam
509 3328 617 3358 illum
647 3329 679 3360 1.
779 3326 818 3368 b)
848 3328 913 3359 sed
942 3330 979 3367 1,·
1007 3328 1097 3359 deest
1127 3323 1169 3359 1b
1197 3328 1274 3367 ed.;
1300 3330 1344 3360 tr.
1374 3330 1411 3359 et
1437 3336 1486 3360 m.
1517 3327 1562 3366 23
1589 3327 1782 3358 emendavit
1801 3325 1842 3358 P.
1936 3323 1969 3366 c)
1995 3323 2124 3365 perdi·

277 3382 401 3407 turum
430 3378 469 3416 13
507 3377 699 3408 emendavit
727 3377 951 3409 Giesehreche.
1063 3375 1100 3418 d)
1138 3377 1353 3416 regularem
1391 3378 1426 3411 1.
1535 3375 1571 3417 e)
1609 3385 1657 3408 m.
1694 3375 1930 3415 multumque
1957 3381 2058 3406 mon.
2089 3373 2126 3406 2.

221 3466 225 3469 ¹
276 3424 305 3466 f)
337 3425 411 3457 obt.
439 3429 476 3457 et
501 3425 536 3459 h.
566 3427 598 3460 1.
