2204 3765
561 103 760 145 BRUNO
795 105 876 145 DE
911 107 1109 148 BELLO
1146 110 1462 154 SAXONIC'O.
1871 126 1924 164 65

89 238 347 292 dederunt
385 237 583 317 ordinis
622 241 836 292 secundi
874 244 983 294 sive
1022 247 1158 296 tertii
1196 249 1358 314 partis
1408 252 1674 321 utriusque
1723 258 1924 324 milites,
1948 277 2050 308 1076.

92 306 347 377 quicquid
385 325 615 358 invlcem
655 326 708 359 se
745 309 1004 364 laeserant
1040 332 1145 364 non
1172 318 1282 367 sine
1321 318 1481 369 multo
1509 320 1633 371 fletu
1660 323 1924 379 donantes.

89 378 241 430 Tunc
281 394 460 428 omnes
498 375 624 427 facti
651 395 718 427 ex
755 378 994 431 hostibus
1020 384 1175 433 amici
1214 385 1410 450 fideles,
1449 398 1617 439 eastra
1646 408 1927 459 posuerunt

86 454 196 499 tam
234 464 426 515 prope,
463 455 521 496 ut
557 446 786 497 vicissim
826 449 1053 518 populus
1091 459 1307 521 uterque
1351 473 1614 508 sermones
1661 463 1926 532 utriusque

88 534 194 568 non
233 514 445 566 difficile
482 522 661 583 posset
698 516 895 568 audire.
954 517 1227 588 Cumquea
1266 523 1369 573 iam
1397 527 1689 593 coepissent
1715 529 1778 580 de
1806 550 1926 600 rege

88 583 454 637 constituendo
482 602 748 635 sermones
776 587 1028 651 conferre,
1070 588 1306 641 Saxones
1333 611 1399 643 ex
1427 594 1627 660 Suevis,
1668 597 1824 649 Suevi
1863 620 1926 651 ex

90 654 393 707 saxonibus
420 671 585 704 unum
613 653 899 722 quemlibet
924 655 1173 709 volebant
1209 659 1423 727 eligere,
1462 663 1765 717 Heinricum
1807 688 1926 720 vero

87 723 303 776 tenebat
348 724 403 774 in
450 721 611 774 altera
656 724 772 792 ripa
809 724 979 775 Rheni
1029 727 1212 779 civitas
1262 729 1591 796 Mogontina‚
1649 738 1787 787 omni
1835 757 1925 806 spe

85 795 237 861 regni
261 792 521 843 retinendi
549 791 803 860 deposita.
864 794 1009 845 Misit
1034 806 1207 847 tamen
1234 801 1458 865 nuntios,
1500 804 1586 870 qui
1614 813 1925 873 temptarent

84 863 214 915 istos
259 862 327 914 ad
377 862 792 913 misericordiam
843 862 1077 929 flectere,
1129 877 1185 917 ut
1234 870 1346 918 eius
1394 870 1495 920 iam
1535 874 1655 923 satis
1702 879 1921 944 correpti

85 934 465 984 correctionem
492 931 836 999 digna-rentur
861 935 1117 1002 accipere.
1183 937 1288 988 Sed
1315 957 1492 989 eorum
1520 941 1709 993 nullius
1736 943 1923 1009 legatio

83 1021 115 1054 a
136 1020 401 1072 quoquam
428 1009 658 1052 nostrate
685 1002 959 1071 accipitur,
986 1004 1088 1054 nisi
1113 1007 1258 1073 prius
1285 1026 1377 1076 per
1402 1009 1670 1077 apostolici
1699 1011 1921 1072 legatum

82 1073 150 1124 ab
198 1071 544 1123 anathematis
592 1070 804 1122 vinculo
856 1070 1101 1125 solvatur.
1177 1075 1250 1126 Ut
1298 1077 1458 1144 igitur
1498 1079 1643 1129 stilus
1681 1067 1924 1134 velociter

83 1151 287 1205 currat,
333 1139 682 1192 humilitatem
729 1143 1046 1209 poenitentis
1085 1154 1390 1212 accepturos
1427 1166 1479 1197 se
1518 1152 1825 1215 promittuut
1863 1171 1921 1203 ea

81 1211 411 1276 condicione,
449 1211 494 1262 si
518 1208 674 1261 vellet
697 1209 916 1279 implere
943 1222 1127 1264 cuncta
1158 1232 1290 1282 quae
1329 1216 1375 1265 ei
1409 1227 1663 1268 nostrates
1688 1220 1923 1271 facienda

81 1290 403 1351 proponunt.
479 1279 636 1344 Quod
687 1298 808 1330 cum
855 1279 941 1332 ille
992 1283 1387 1351 spopondisset,
1449 1285 1547 1337 hoc
1603 1288 1647 1338 ei
1697 1290 1920 1357 primum

82 1358 402 1421 proponunt,
442 1357 501 1401 ut
525 1350 837 1419 episcopum
862 1351 1351 1419 wormatiensem,
1392 1356 1480 1422 qui
1508 1357 1608 1406 iam
1637 1357 1724 1408 diu
1758 1358 1924 1411 fuerat

80 1419 352 1490 expulsus,
390 1427 657 1490 potentem
695 1420 892 1471 faceret
916 1420 1060 1472 urbis
1088 1441 1234 1487 suae,
1275 1423 1462 1476 deinde
1489 1435 1545 1476 ut
1583 1444 1705 1476 mox
1730 1426 1922 1480 litteras

83 1490 246 1542 scribi
271 1492 483 1554 faceret,
521 1489 576 1540 in
603 1490 793 1559 quibus
821 1508 875 1541 se
900 1489 1148 1543 fateretur
1172 1493 1361 1544 iniuste
1389 1493 1624 1546 Saxones
1656 1496 1920 1562 afflixisse,

82 1577 212 1629 quas
250 1579 281 1612 a
317 1561 509 1611 nostris
547 1567 854 1628 perspectas
868 1600 879 1625 ,
928 1560 1159 1630 imagine
1199 1581 1291 1613 sua
1327 1565 1520 1615 nostris
1563 1567 1921 1633 praesentibus

81 1631 281 1698 signari
304 1629 517 1695 faceret,
557 1637 607 1681 et
643 1631 876 1698 signatas
902 1648 998 1698 per
1022 1630 1227 1682 Italiam
1257 1640 1306 1683 et
1331 1651 1425 1701 per
1450 1634 1791 1686 Teutonicam
1824 1646 1921 1687 ter·

78 1717 193 1751 ram
228 1698 512 1751 mittendas
539 1717 635 1767 per
658 1709 864 1750 nostros
890 1701 1113 1764 nuntios,
1153 1702 1470 1753 nostratibus
1498 1703 1666 1769 daret:
1705 1707 1919 1774 ipseque

78 1768 301 1821 Romam
340 1769 556 1821 veniens
593 1788 689 1838 per
727 1768 941 1838 dignam
980 1771 1386 1823 satisfactionem
1434 1773 1774 1825 anathematis
1812 1777 1921 1825 vin-

81 1839 198 1892 culo
238 1848 453 1895 careret,
529 1838 830 1908 Episcopus
870 1858 997 1908 ergo
1039 1841 1214 1892 statim
1253 1859 1370 1891 cum
1408 1860 1596 1910 magno
1641 1842 1831 1896 honore
1869 1847 1921 1895 in

77 1909 265 1962 urbem
314 1908 616 1976 deducitur3
666 1907 906 1961 litteraeb
966 1911 1020 1960 in
1073 1913 1369 1979 praesentia
1423 1913 1729 1963 nostratium
1783 1913 1923 1964 bulla

79 1980 219 2048 regis
275 1980 536 2047 signatae,
600 1997 696 2048 per
749 1987 955 2030 nostros
1012 1981 1239 2031 muntios
1304 1999 1399 2049 per
1455 1982 1686 2033 civitates
1741 1983 1919 2034 Italiae

77 2050 335 2119 regnique
362 2049 642 2101 Teutonici
679 2048 999 2117 diriguntur,
1038 2051 1152 2118 ipse
1191 2069 1244 2102 se
1271 2058 1379 2101 tota
1405 2050 1731 2103 festinatione
1757 2063 1919 2120 parat,

78 2126 136 2170 ut
171 2138 268 2189 per
302 2119 529 2170 Romani
568 2118 831 2188 pontificis
877 2118 1261 2188 indulgentiam
1306 2119 1535 2188 ligamen
1579 2121 1920 2173 anathematis

78 2198 255 2241 exuat.
328 2189 604 2240 Nostrates
651 2207 778 2240 vero
830 2188 1023 2258 singuli
1071 2199 1395 2241 sacramento
1451 2190 1810 2255 firmaverunt,
1866 2201 1920 2242 ut

77 2258 179 2310 nisi
205 2259 490 2310 Heinricus
518 2267 750 2328 quartus,
771 2258 1010 2310 Heinrici
1035 2260 1364 2328 imperatoris
1390 2258 1543 2325 filius,
1569 2260 1621 2310 in
1650 2259 1919 2311 Februarii

77 2330 274 2381 mensis
327 2329 476 2381 initio
523 2347 554 2379 a
599 2328 774 2380 banno
830 2348 925 2398 per
972 2328 1319 2399 apostolicum
1374 2329 1677 2381 absolutusc
1726 2329 1919 2393 fuisset,

76 2417 369 2468 numquam
389 2397 619 2468 amplius
644 2398 750 2450 ullo
775 2399 987 2468 ingenio
1016 2417 1109 2450 suo
1136 2418 1230 2449 rex
1250 2416 1430 2450 eorum
1455 2417 1551 2450 nec
1572 2397 1921 2467 appellaretur

76 2487 175 2521 nec
212 2478 365 2520 esset.
441 2469 596 2534 Quod
635 2478 1019 2521 sacramentum
1056 2470 1226 2537 primo
1264 2467 1388 2520 fecit
1423 2469 1735 2536 patriarcha,
1780 2479 1830 2520 et
1866 2469 1918 2518 in

76 2537 273 2592 litteras
299 2539 570 2590 redactum
610 2541 665 2589 in
692 2557 844 2589 suum
869 2539 1011 2590 misit
1035 2539 1387 2606 marsupium3
1427 2537 1567 2606 quod
1593 2546 1766 2588 tamen
1794 2538 1916 2606 quia

77 2608 264 2660 melius
303 2609 537 2660 servavit
583 2610 639 2660 in
677 2609 874 2678 scripto
914 2626 1073 2678 quam
1108 2609 1162 2658 in
1201 2625 1382 2676 opere,
1434 2608 1570 2657 sicut
1605 2605 1760 2675 paulo
1798 2614 1959 2657 antec.
1991 2623 2043 2654 τῇ.

79 2678 280 2730 dictum
329 2687 431 2745 est,
490 2677 702 2730 crudele
752 2677 1072 2747 supplicium
1120 2676 1278 2728 dedit.
1359 2676 1566 2727 Deinde
1612 2677 1733 2726 tecit
1777 2675 1915 2726 idem

76 2749 405 2801 Pataviensis
451 2750 760 2818 episcopus,
800 2748 937 2800 sedis
976 2748 1244 2798 Romanae
1290 2745 1516 2814 legatus3
1563 2753 1613 2796 et
1660 2754 1777 2814 post
1824 2744 1914 2795 hos

78 2836 259 2870 omnes
286 2819 376 2888 qui
413 2818 632 2870 aderant
657 2818 910 2888 episcopi,
949 2817 1125 2879 duceS,
1164 2816 1377 2867 comites
1406 2815 1670 2884 ceterique
1695 2815 1916 2865 maiores

77 2896 130 2940 et
178 2890 432 2955 minores3
484 2888 577 2940 sed
627 2889 865 2958 episcopi
914 2886 1032 2956 plus
1079 2886 1193 2936 aliis
1244 2887 1298 2936 in
1345 2885 1445 2936 hoc
1496 2892 1736 2953 egerunt,
1794 2884 1915 2952 quia

73 2957 428 3010 iuramentum
463 2958 519 3009 in
555 2957 740 3010 litteris
769 2959 928 3010 etiam
955 2964 1310 3008 servaverunt.
1372 2953 1522 3005 Tunc
1560 2954 1717 3004 misso
1744 2952 1914 3020 legato

76 3036 397 3098 rogaverunt
450 3027 826 3097 apostolicum,
889 3036 947 3079 ut
1009 3027 1064 3077 in
1121 3025 1381 3094 principio
1438 3022 1711 3074 Februarii
1765 3020 1919 3073 vellet

74 3096 373 3166 Augustam
433 3099 638 3164 venire,
702 3105 760 3148 ut
823 3115 982 3148 eausa
1044 3094 1320 3162 diligenter
1383 3094 1678 3144 examinata
1740 3108 1914 3142 eoram

77 3168 338 3234 omnibuS,
376 3166 461 3220 vel
498 3186 618 3219 eum
644 3166 883 3233 solveret,
922 3165 1005 3218 vel
1031 3184 1091 3218 eo
1129 3164 1313 3217 fortius
1339 3162 1509 3214 adhuc
1547 3161 1720 3230 ligato,
1760 3160 1913 3210 alium

78 3316 117 3358 a)
145 3317 240 3349 Cum
268 3319 302 3349 1.
404 3316 442 3358 b)
472 3319 497 3350 1.
528 3326 676 3357 quoque
706 3326 750 3349 eo
780 3327 852 3356 quo
882 3317 1022 3348 dictum
1048 3319 1104 3347 est
1132 3315 1241 3345 modo
1269 3313 1375 3344 bulla
1405 3312 1436 3344 2.
1538 3311 1569 3351 c)
1597 3311 1737 3341 solutus
1764 3311 1793 3340 2.

83 3424 128 3479 1)
161 3426 441 3476 Adalbertus,
476 3427 714 3468 acerrimus
747 3425 857 3480 reyis
893 3423 1195 3465 adversarius.
1269 3421 1329 3461 W

1514 3488 1534 3496 u

1511 3503 1542 3538 O
