2204 3765
554 86 754 126 BRUNO
786 87 866 125 DE
899 87 1094 128 BELLO
1130 89 1436 131 SAXONICO.
1850 101 1903 138 47

56 228 265 290 putant
302 239 400 272 nos
436 222 777 290 spiritualem
814 222 1060 290 gladium
1086 233 1269 277 temere
1295 235 1341 276 et
1365 231 1541 296 mayis
1574 239 1707 280 motu
1741 237 1908 285 animi
1929 254 2027 284 1076.

68 291 242 341 nostri
278 308 441 357 quam
477 292 662 342 divino
708 299 846 342 metu
883 300 928 341 et
968 294 1202 344 iustitiae
1239 295 1342 345 zelo
1389 301 1703 363 arripuisse.
1782 302 1907 351 Cum

67 359 247 410 adbuc
283 361 342 410 in
381 360 705 411 diaconatus
744 359 921 426 officio
952 363 1123 427 positi
1160 381 1413 428 essemus,
1447 366 1662 431 perlata
1702 372 1774 419 ml
1815 389 1907 420 nos

65 428 130 478 de
179 428 512 479 actionibusa
549 429 695 496 reqis
753 429 982 479 sinistra
1033 437 1078 479 et
1126 431 1345 482 multum
1404 434 1680 484 inhonesta
1736 439 1904 500 sama,

55 497 319 566 propterb
370 497 705 566 imperialem
755 497 1073 564 diqnitatem
1122 506 1166 547 et
1216 503 1564 552 reverentiam
1612 494 1792 571 putris
1844 526 1904 555 ac

63 568 255 616 matris
281 566 412 630 eius,
452 583 659 618 necnon
677 573 906 633 propter
931 585 1077 634 spem
1105 586 1168 617 ac
1205 568 1534 622 desiderium
1572 576 1906 625 correctionis

64 653 195 685 suae
233 653 392 703 saepe
431 653 545 686 eum
574 653 681 702 per
716 634 924 684 litteras
973 643 1019 685 et
1068 639 1285 687 nuntios
1325 638 1727 707 admonuimus,
1783 652 1833 693 ut
1872 664 1905 694 a

53 705 335 773 pravitate
373 713 507 755 sua⁰
556 704 850 768 desisteret,
903 704 979 753 etd
1026 723 1216 755 memor
1263 705 1554 758 clarissimi
1596 714 1803 777 [seueris
1842 732 1902 762 ac

63 774 354 842 diqnitatis
409 791 566 838 suae,
620 776 786 824 vitam
840 782 1024 823 suame
1080 775 1338 839 moribus,
1397 777 1585 844 quibus
1643 800 1806 848 ressem
1861 789 1904 831 et

46 841 306 910 futurum
332 842 447 893 Deo
475 843 708 894 donante
735 842 937 892 deceret
961 844 1352 910 imperatorem,
1394 848 1700 900 institueret.
1765 850 1905 899 l'ost-

63 930 225 980 quam
261 911 417 963 veros
465 913 539 963 ad
566 909 921 979 pontificatus
970 913 1173 979 apicem
1226 913 1342 963 licet
1397 916 1614 983 indiyni
1654 921 1904 982 venimus,

63 999 182 1032 cum
227 980 377 1032 illius
417 988 566 1032 aetas
592 982 813 1049 pariter
850 988 1102 1032 cresceret
1140 988 1185 1030 et
1225 984 1512 1050 iniquitas,
1560 986 1904 1054 intellifsentes

61 1050 237 1101 Deum
275 1053 679 1119 omnipotentem
715 1057 895 1100 tanto⁰
923 1050 1223 1101 districtius
1262 1052 1323 1101 cle
1360 1072 1527 1102 manu
1564 1063 1747 1104 nostra
1785 1076 1812 1103 (1
1827 1058 1902 1106 ni-

60 1139 204 1170 mam
250 1119 399 1170 illius
436 1122 853 1188 requisiturum,
908 1126 1145 1185 quantog
1202 1121 1352 1170 nobis
1404 1122 1475 1171 ad
1514 1124 1904 1192 increpandunt

59 1188 211 1240 illum
237 1207 382 1258 prae
419 1190 603 1240 ceteris
639 1188 858 1239 libertas
898 1189 1026 1239 data
1053 1188 1258 1257 fuisset
1297 1197 1341 1239 et
1381 1193 1699 1256 auctoritas,
1753 1194 1904 1243 multo

59 1258 342 1310 sollicitius
380 1276 497 1310 eum
534 1258 707 1309 modis
736 1258 994 1322 omnibus,
1024 1259 1320 1326 arquendo,
1360 1259 1700 1327 obsecrando,
1742 1263 1904 1314 incre-

56 1329 278 1397 pando,
329 1328 403 1379 ad
439 1328 860 1380 emendationem
905 1329 1046 1378 vitae
1084 1345 1213 1377 suae
1251 1328 1452 1379 hortati
1488 1349 1685 1381 sumus.
1765 1330 1902 1390 Qui¹¹

59 1416 178 1449 cum
229 1416 390 1466 saepe
440 1397 594 1450 nobis
641 1398 859 1449 devotas
918 1394 1268 1448 salutationes
1325 1405 1368 1448 et
1413 1397 1618 1450 litteras
1666 1402 1902 1466 mitteret,

60 1485 329 1519 eaecusans
374 1486 426 1519 se
475 1466 615 1519 cumi
666 1485 731 1518 esc
782 1473 953 1517 aetate
1005 1466 1148 1534 quod
1179 1467 1348 1534 fluoea
1398 1476 1526 1519 esset
1573 1477 1618 1519 et
1647 1470 1901 1537 frayilis,

56 1544 171 1588 tum
198 1537 378 1606 quodk
412 1537 476 1587 ab
505 1537 606 1602 bis,
644 1538 704 1588 in
733 1554 955 1604 quorum
980 1537 1230 1587 manibus
1257 1537 1412 1587 curia
1440 1546 1569 1602 erat,
1607 1538 1905 1590 multotiens

58 1606 161 1658 sibi
207 1606 344 1657 male
388 1625 611 1657 suasum
659 1613 816 1674 atque
868 1605 1165 1657 consultum
1209 1607 1300 1670 sit,
1360 1608 1565 1658 monita
1615 1616 1796 1659 nostra
1841 1609 1902 1659 de

59 1676 144 1728 die
192 1677 253 1726 in
304 1677 442 1727 diem
497 1695 548 1727 se
597 1676 999 1744 promptissime
1049 1682 1420 1742 suscepturum
1469 1677 1639 1727 verbis
1696 1679 1903 1745 quidem

46 1745 330 1815 promisit,
381 1753 606 1796 ceterum
662 1764 720 1795 re
768 1745 838 1795 et¹
889 1745 1307 1813 esca‘qqeratione
1360 1745 1644 1813 culparum
1683 1749 1902 1814 penitus

56 1814 407 1867 conculcavit.
482 1815 629 1866 Inter
667 1815 795 1865 haec
835 1815 1093 1882 quosdam
1115 1813 1437 1881 familiares
1478 1834 1628 1878 suos,
1680 1835 1902 1884 quorum

57 1883 298 1937 consiliis
324 1891 370 1934 et
395 1884 892 1936 machinationibus
920 1885 1264 1951 episcopatus
1290 1891 1335 1934 et
1360 1883 1529 1935 multa
1561 1888 1902 1949 monasteria,

55 1955 355 2006 inductus¹¹‘¹
395 1973 503 2023 per
547 1956 814 2022 pretium,
877 1954 1024 2022 lupis
1076 1971 1180 2020 pro
1227 1954 1544 2020 pastoribus
1604 1955 1904 2005 simoniaca

56 2024 268 2076 haeresi
286 2022 632 2092 foedaverat,
674 2025 748 2075 ad
777 2024 1172 2092 poenitentiam
1197 2025 1519 2088 voca-vimus,
1558 2031 1820 2090 quatenus
1859 2032 1905 2074 et

55 2093 196 2146 bona
233 2093 603 2158 ecclesiarum,
645 2113 782 2162 quae
810 2112 917 2161 per
954 2094 1309 2143 interventum
1348 2099 1456 2143 tam
1494 2093 1735 2144 scelerati
1772 2112 1901 2145 com-

54 2164 242 2215 mercii
278 2162 551 2233 saco⁴ileqa
575 2187 579 2190 ·
602 2183 770 2214 manu
809 2170 1183 2230 susceperant,
1232 2162 1621 2214 venerabilibus
1664 2161 1792 2214 locis
1831 2164 1903 2213 ad

56 2252 194 2303 quae
221 2233 571 2301 pertinerent,
612 2234 738 2284 dum
777 2233 957 2284 adhuc
993 2233 1141 2283 locus
1179 2239 1310 2283 esset
1343 2232 1681 2298 emendandi,
1723 2232 1902 2282 redde-

54 2309 224 2368 rentn,
261 2310 308 2353 et
342 2303 453 2370 ipsi
485 2321 589 2371 pro
618 2309 942 2371 perpetrata
968 2302 1251 2370 iniquitate
1267 2320 1375 2370 per
1398 2301 1632 2353 lamenta
1656 2303 1902 2369 poenitu-

56 2373 206 2425 dinis
257 2372 373 2423 Deo
428 2372 821 2440 satisfacerent.
901 2370 1042 2431 Quos
1100 2371 1226 2422 dum
1282 2371 1356 2422 ad
1411 2371 1538 2422 lzaec
1595 2373 1901 2440 eccequenda

55 2442 216 2493 datas
241 2442 535 2493 inducias*
571 2460 824 2511 spernere
851 2449 897 2492 et
923 2443 982 2492 in
1009 2448 1261 2493 consueta
1288 2441 1530 2509 nequitia
1546 2442 1901 2508 pertinaciter

55 2519 198 2563 stare
236 2512 600 2579 coqnovimus,
639 2513 778 2562 sicut
816 2511 1043 2580 diqnum
1080 2518 1197 2561 erat
1232 2509 1525 2578 sacrileyos
1551 2517 1596 2559 et
1628 2511 1899 2561 ministros

55 2600 118 2632 ac
155 2581 389 2632 membra
427 2581 632 2633 diaboli
670 2601 704 2632 a
742 2582 1109 2633 communione
1135 2587 1181 2630 et
1217 2598 1436 2647 corpore
1462 2580 1620 2629 totius
1656 2579 1900 2630 ecclesiae

55 2651 456 2719 separavimus,
508 2658 554 2701 et
590 2669 791 2720 regem,
840 2658 901 2702 ut
937 2669 1022 2702 eos
1063 2669 1097 2700 a
1136 2649 1287 2700 domo
1326 2668 1453 2712 sua,
1508 2667 1541 2698 a
1581 2648 1818 2699 consiliis
1855 2657 1900 2698 et

56 2721 202 2771 omni
264 2721 636 2772 communione
703 2739 806 2772 sua
870 2723 1006 2772 sicut
1070 2719 1551 2771 excommunicatos
1606 2717 1898 2785 eapelleret,

55 2791 465 2841 ammonuimus.
550 2790 774 2842 Interim
830 2809 951 2841 vero
1010 2795 1420 2858 aqqravesoente
1485 2794 1672 2838 contra
1729 2804 1900 2855 regem

55 2858 342 2911 Saoeonum
379 2877 576 2925 causa,
627 2879 747 2911 cum
783 2861 923 2911 vires
968 2866 1015 2909 et
1041 2858 1334 2927 praesidia
1370 2858 1526 2925 reqni
1563 2874 1626 2907 esc
1662 2857 1900 2906 maxima

46 2937 211 2997 parte
250 2947 284 2979 a
323 2947 376 2980 se
413 2929 631 2995 deficere
657 2929 783 2981 velle
821 2929 1036 2992 videret,
1074 2930 1265 2978 iterum
1289 2926 1440 2977 nobis
1478 2927 1678 2976 diremit
1709 2926 1897 2992 episto-

53 2998 162 3049 lam
211 2996 524 3067 supplicem'
557 3006 603 3049 et
651 3000 796 3051 omni
842 2998 1139 3050 humilitate
1178 2995 1429 3063 plenam,
1484 2997 1543 3046 in
1582 3013 1687 3063 qua
1736 2995 1899 3045 omni-

46 3069 256 3136 potenti
303 3068 416 3120 Deo
464 3075 512 3119 et
556 3069 706 3120 beato
754 3068 909 3120 Petro
959 3087 1023 3119 ac
1074 3065 1226 3117 nobis
1275 3065 1430 3116 valde
1484 3082 1536 3115 se
1585 3063 1899 3131 culpabilem

53 3137 334 3202 reddensO,
365 3156 554 3206 preces
591 3139 751 3189 etiam
789 3137 998 3202 obtulit,
1051 3143 1109 3186 ut
1145 3135 1318 3204 quodP
1369 3152 1433 3185 eac
1481 3152 1584 3184 sua
1630 3132 1793 3200 culpa
1840 3133 1898 3182 in

55 3287 92 3332 a)
121 3290 167 3322 de
194 3299 266 3323 s.r.
284 3299 317 3326 a.
345 3292 378 3326 1.
452 3289 492 3332 b)
520 3294 678 3331 propter
696 3309 735 3314 -—
752 3299 904 3324 necnon
929 3290 1055 3320 desunt
1085 3290 1115 3321 1.
1195 3285 1228 3327 c)
1255 3287 1345 3317 deese
1373 3287 1406 3318 2.
1484 3284 1521 3327 d)
1537 3294 1579 3317 ac
1596 3286 1628 3316 2.
1708 3283 1742 3324 e)
1758 3284 1845 3314 deest
1866 3286 1893 3314 1.

54 3337 85 3379 f)
113 3341 241 3371 autem
262 3340 295 3373 2.
324 3340 365 3373 Ρ.
467 3337 505 3380 g)
535 3344 719 3379 quantum
749 3340 782 3372 2.
884 3336 923 3379 h)
953 3338 1061 3375 Quod
1089 3338 1124 3369 2.
1223 3334 1250 3376 i)
1280 3339 1358 3366 tum
1387 3335 1418 3366 2.
1448 3333 1492 3365 Η.
1593 3332 1632 3374 k)
1662 3332 1707 3363 ab
1738 3332 1836 3371 quod
1867 3333 1897 3362 1.

53 3384 83 3428 1)
111 3391 224 3428 atque
253 3389 285 3422 2.
386 3386 436 3429 m)
463 3389 629 3420 iuductis
656 3387 696 3421 P.
723 3388 767 3421 H.
868 3386 910 3428 n)
937 3387 1027 3418 deest
1055 3386 1089 3418 2.
1194 3383 1231 3425 0)
1260 3384 1392 3415 videns
1421 3384 1453 3415 2.
1554 3380 1593 3422 p)
1623 3381 1776 3425 quaes.

1921 2449 1981 2491 “In
2009 2451 2092 2484 355.
