2204 3765
568 124 766 164 BRUNO
799 126 879 164 DE
912 128 1106 168 BELLO
1141 130 1446 172 SAXONJCO.
1871 143 1925 180 93

83 263 304 332 Zeyatos,
342 265 455 315 nisi
473 263 627 332 forte
666 265 814 330 capti
838 266 994 328 sima,
1034 269 1364 332 apertissime
1382 274 1603 336 potestis
1630 293 1926 342 assuescere,
1948 296 2051 328 1010.

85 340 133 383 et
181 334 232 383 si
275 333 410 400 quid
448 333 626 384 adhuc
668 333 1038 397 remanseritb,
1082 354 1186 401 per
1232 339 1509 405 episcopos
1558 341 1831 393 flietensem
1885 355 1928 395 et

85 402 458 453 Pataviensem
508 410 554 452 et
601 401 837 452 abbatem
886 401 1263 471 Auyz'ensem1,
1317 409 1409 474 qui
1459 409 1725 461 nobiscum
1782 415 1929 469 linem

83 472 166 522 ‘rei
202 471 599 539 praestolando
647 478 948 534 morantur,
1000 491 1116 522 cum,
1168 476 1240 523 ad
1291 495 1376 526 ros
1422 479 1534 542 ‘ipse'
1578 466 1928 543 pervenerint,

86 542 248 609 quasi
283 541 344 591 in
372 548 634 608 promptu
673 540 876 590 habetis
917 541 1127 591 audire.
1201 542 1467 595 Postremo
1518 547 1609 597 hoo
1653 567 1738 597 vos
1781 551 1927 614 {qno-

84 627 212 660 rare
251 610 515 674 nolumus,
556 611 688 677 quia
729 610 874 660 omni
911 629 1017 678 qua
1056 618 1255 677 oportet
1296 614 1575 679 instantia,
1621 627 1769 667 eumc
1799 606 1929 669 ‘ora-

83 680 249 730 tionis
297 687 514 730 nostrae
563 679 904 742 assidu-itate,
962 687 1065 729 tum
1121 679 1291 747 offic-ii
1339 685 1509 733 nostri
1556 687 1840 752 Uror-itate,
1888 697 1931 737 et

75 749 471 816 prospiciendo
528 748 803 799 consulere
866 756 912 797 et
980 749 1303 800 consulendo
1363 756 1671 819 prospicere
1739 766 1932 809 restrae

85 820 389 869 ‘necessitati
426 837 535 869 non
574 818 882 868 dubitamus
899 826 933 866 2.
1358 816 1361 818 ’

228 888 341 939 121.
415 887 620 938 Eodem
659 905 822 951 anno,
872 905 1052 937 mense
1090 886 1336 940 videlicet
1374 890 1617 957 Octobri,
1656 893 1932 946 lIcinricus

85 955 340 1008 militiaed
364 955 632 1009 laboribus
657 955 1015 1024 infatigabilis,
1047 956 1233 1008 iterum
1262 962 1603 1028 congregavit
1629 964 1932 1025 exercitum,

86 1034 147 1077 ut
182 1026 456 1078 invaderet
495 1026 762 1078 Saxoniae
811 1044 1052 1094 regnum.
1129 1026 1366 1079 Saxones
1404 1048 1527 1079 vero
1579 1049 1697 1081 cum
1737 1034 1931 1100 ingenti

85 1094 422 1147 multitudine
449 1104 790 1147 occurrerunt
815 1096 863 1147 ei
888 1096 944 1145 in
967 1094 1081 1145 1000
1110 1097 1200 1164 qui
1228 1097 1460 1148 Cancul³
1486 1110 1718 1164 vocatur,
1758 1102 1932 1171 ibique

85 1166 271 1217 castris
307 1166 494 1234 positis
532 1165 804 1230 sederunt,
854 1174 912 1216 ut
948 1164 1078 1216 fines
1116 1183 1237 1216 suos
1276 1185 1395 1217 cum
1435 1168 1536 1218 Dei
1574 1169 1828 1220 adiutorio
1866 1171 1932 1222 ab

85 1233 262 1286 hostili
309 1236 581 1287 invasione
628 1242 915 1287 tuerentur.
1003 1232 1245 1304 Cumque
1295 1237 1469 1287 missis
1519 1237 1934 1306 exploratoribus

85 1303 171 1356 ille
197 1313 432 1357 nostram
457 1306 708 1357 virtutem
747 1312 1105 1374 cognosceret,
1145 1314 1196 1356 et
1233 1306 1279 1356 ei
1319 1324 1438 1356 cum
1478 1325 1572 1358 sua
1597 1308 1785 1359 virtute
1816 1327 1935 1360 con-

84 1375 238 1443 gredi
285 1393 390 1426 non
439 1375 675 1441 auderet,
726 1375 794 1426 ad
843 1383 1009 1426 artem
1050 1374 1277 1425 malitiae
1318 1377 1571 1427 convertit
1607 1395 1676 1438 se,
1727 1377 1936 1448 dolique

87 1443 369 1497 calliditate
406 1455 646 1497 nostrum
683 1463 874 1513 agmen
911 1446 963 1494 in
1002 1443 1134 1495 duas
1172 1452 1347 1513 partes
1386 1445 1654 1515 dispergit,
1700 1457 1757 1498 ut
1796 1448 1936 1516 quod

83 1515 349 1582 integrum
388 1516 496 1566 suis
532 1514 735 1566 viribus
773 1514 1019 1566 diffidens
1055 1513 1199 1565 adire
1236 1533 1341 1565 non
1378 1516 1760 1583 praesumebat,
1807 1517 1935 1568 divi-

86 1602 203 1635 sum
240 1603 334 1653 per
369 1593 563 1654 parteS,
604 1586 648 1636 si
683 1585 969 1636 necessitas
1018 1582 1378 1652 compelleret,
1427 1585 1645 1653 aggredi
1689 1604 1790 1637 non
1837 1587 1935 1637 for-

83 1654 325 1705 midaret.
398 1654 532 1705 Nam
574 1673 695 1705 cum
731 1653 988 1723 proelium
1022 1653 1262 1705 devitans
1289 1673 1408 1705 cum
1435 1656 1675 1707 universo
1703 1658 1936 1707 exercitu

86 1741 181 1775 suo
233 1731 417 1775 contra
453 1724 796 1793 Erphesforte
846 1723 1106 1788 tenderet,
1145 1723 1503 1775 velocissimos
1550 1726 1747 1794 equites
1798 1735 1934 1778 retro

87 1802 272 1845 contra
311 1793 610 1845 Goslariam
649 1795 807 1858 misit,
856 1794 947 1863 qui
985 1793 1306 1863 quibusdam
1344 1793 1478 1845 villis
1517 1795 1739 1846 incensis
1777 1796 1842 1846 ad
1881 1815 1934 1848 se

83 1862 338 1915 velociter
361 1872 719 1933 properarent.
792 1862 866 1915 At
893 1865 1134 1915 Saxones
1174 1883 1269 1933 per
1306 1882 1426 1915 suos
1454 1863 1809 1932 exploratores
1840 1865 1936 1917 iter

85 1934 199 1985 eius
227 1942 411 1986 contra
435 1933 745 2003 Erphesfort
771 1933 959 1999 edocti,
1000 1951 1119 1984 cum
1147 1952 1268 1985 eum
1304 1932 1455 1985 facile
1481 1943 1696 2002 possent
1732 1935 1935 2004 insequi

84 2002 168 2056 vel
207 2004 365 2055 etiam
402 2005 735 2073 praevenire,
784 2004 899 2055 viso
936 2011 1058 2072 post
1108 2003 1320 2055 dorsum
1367 2003 1511 2054 fumo
1549 2003 1671 2054 illuc
1707 2005 1935 2054 universi

83 2073 350 2140 festinant,
389 2083 448 2126 ut
479 2075 525 2125 ei
555 2073 853 2126 Goslariam
893 2082 945 2124 et
979 2072 1091 2124 illas
1118 2082 1293 2141 partes
1321 2072 1583 2125 Saxoniae
1609 2073 1935 2142 prohibeant.

84 2142 180 2195 Ille
215 2162 341 2195 vero
382 2152 628 2213 coeptum
666 2145 766 2196 iter
802 2143 871 2194 ad
894 2143 1210 2213 Erphesfort
1233 2161 1507 2213 peragens,
1547 2142 1801 2213 oppidum
1833 2144 1935 2194 iam

85 2231 400 2265 succensum
435 2213 606 2265 fuerat
630 2213 998 2284 depraedamS,
1039 2232 1158 2265 cum
1184 2221 1359 2265 noster
1384 2214 1646 2264 exercitus
1673 2231 1725 2264 se
1753 2213 1936 2281 decep—

84 2292 198 2336 tum
235 2282 555 2352 intelligens,
602 2302 796 2353 magna
832 2281 990 2335 turba
1025 2283 1263 2352 peditum
1302 2282 1456 2334 simul
1493 2291 1544 2334 et
1581 2283 1812 2352 equitum
1852 2281 1935 2333 de-

83 2353 267 2405 relicta
291 2352 439 2405 illum
464 2362 544 2405 est
567 2355 855 2410 insecutus,
932 2353 1175 2423 Cumque
1211 2354 1317 2404 iam
1353 2352 1427 2403 illi
1463 2360 1718 2404 nostrates
1748 2370 1935 2421 appro-

83 2424 429 2493 pinquarent,
485 2442 712 2494 eumque
760 2423 1163 2492 Niuambu1·gf-⁴
1219 2423 1580 2491 episcopatum
1629 2421 1933 2473 incendere*

83 2492 217 2545 velle
243 2494 498 2560 viderent,
534 2511 762 2564 propero
799 2512 956 2544 cursu
989 2511 1109 2544 eum
1134 2511 1229 2561 per
1253 2499 1502 2543 montana
1525 2491 1932 2560 praevenientes,

84 2564 272 2615 urbem
322 2563 389 2614 ab
439 2564 684 2616 incendio
735 2563 937 2615 fortiter
974 2562 1332 2615 defenderunt.
1408 2562 1526 2626 Quo
1573 2560 1656 2611 ille
1707 2560 1930 2625 cognito,

87 2632 248 2685 obvia
294 2641 484 2685 cuncta
532 2632 850 2686 comburens
901 2641 952 2685 et
986 2641 1216 2697 vastanS,
1253 2632 1320 2682 ad
1357 2630 1579 2682 fluvium
1618 2631 1706 2699 qui
1744 2629 1932 2680 dicitur

85 2702 295 2755 Elstera
329 2705 594 2772 pervenit3
641 2705 790 2754 cuius
840 2721 1034 2771 magna
1070 2701 1424 2772 profunditate
1469 2701 1585 2750 visa
1631 2698 1810 2750 nolens
1858 2697 1930 2748 ibi

86 2782 258 2825 castra
305 2772 516 2826 locavit.
601 2773 707 2824 Hic
765 2774 1095 2825 diversorum
1155 2772 1391 2823 diversas
1452 2770 1721 2838 opiniones
1775 2767 1932 2817 michi

86 2844 310 2913 contigit
345 2861 649 2913 agnoscere,
688 2842 780 2895 sed
820 2844 907 2894 cui
944 2861 1126 2894 earum
1151 2841 1342 2893 veritas
1379 2839 1610 2904 accedat,
1647 2856 1750 2888 non
1789 2836 1933 2888 licuit

86 2977 125 3020 a)
152 2983 241 3010 sunt
268 2979 301 3011 2.
402 2978 442 3020 b)
470 2981 652 3012 remansit
679 2981 713 3012 2.
816 2978 850 3020 0)
878 2982 957 3010 tum
986 2979 1018 3011 2.
1110 2977 1148 3019 d)
1176 2978 1226 3008 ita
1256 2978 1307 3015 2.;
1334 2975 1485 3007 malicie
1514 2976 1544 3006 1.
1624 2972 1659 3013 e)
1687 2973 1882 3013 Erpesfort
1901 2973 1932 3002 2.

85 3026 118 3069 f)
145 3028 405 3067 muaniburgk
432 3030 473 3069 13
508 3029 707 3061 Nienburh
736 3029 768 3061 2.

90 3135 136 3191 1)
181 3137 230 3177 V.
263 3137 495 3178 Bartholdi
526 3139 644 3179 Αηη.
677 3154 721 3180 α.
757 3139 885 3179 1079.
936 3137 985 3178 P.
1050 3136 1096 3189 2)
1129 3135 1187 3175 In
1210 3134 1312 3175 God.
1345 3131 1538 3174 Udalrlci
1569 3130 1762 3184 sequitur
1794 3137 1830 3170 et
1864 3128 1933 3169 hic

87 3204 221 3250 caput
253 3198 307 3239 de
340 3199 718 3253 archiepiscopatu
750 3197 1131 3254 Maydeburyensi,
1165 3195 1280 3248 quod
1312 3193 1470 3234 videsis
1505 3207 1576 3244 ap.
1601 3192 1790 3244 Jaffe'um
1813 3191 1932 3229 Mon.

90 3259 334 3312 Gnqonp.
357 3258 458 3301 554.
502 3261 562 3302 W.
635 3260 684 3314 3)
718 3259 924 3300 Fortasse
946 3259 1092 3299 Keula
1107 3271 1248 3310 prope
1270 3254 1576 3295 Mffilhausen.
1608 3251 1659 3291 P.
1724 3251 1774 3290 A.
1811 3249 1932 3289 Witz-

84 3320 203 3361 schel
235 3317 470 3374 (Anzeiyer
501 3322 542 3363 d.
578 3321 721 3362 Germ.
755 3321 872 3362 flius.
903 3319 1085 3368 XXIII,
1119 3318 1288 3366 4-11)
1321 3315 1494 3355 Kz‘inkel
1520 3326 1655 3366 prope
1686 3310 1932 3364 Behrz‘nyen

89 3394 178 3422 8838
212 3388 359 3433 putat,
410 3382 681 3424 Giesebrecht
722 3381 983 3430 Killlstaedss
1042 3378 1102 3419 ad
1148 3375 1367 3418 meridiem
1416 3389 1444 3414 a
1491 3372 1802 3426 Dinqelstaeclt.
1875 3367 1930 3408 W.

88 3439 138 3494 4)
173 3441 447 3496 Naumburq.
510 3443 562 3484 P.

1955 884 2060 916 1080.

1954 933 2024 964 Oce.

1953 2424 2012 2465 *μ
2033 2426 2113 2458 380.
