2204 3765
256 96 313 134 36
755 98 954 138 BRUXO
989 98 1071 136 DE
1106 97 1305 138 BELLO
1342 98 1658 139 SAXONICO.

129 238 234 271 ¹075·
393 234 476 285 54.
550 234 757 285 Interea
803 250 899 283 rex
946 240 1113 283 totum
1161 233 1452 284 exercitum
1497 235 1687 285 iterum
1735 232 2110 302 congregabat,

164 287 233 320 Oct.

256 311 312 354 ut
363 303 586 354 Octobri
638 320 815 353 mense
868 301 1158 353 Saxoniam
1208 304 1476 371 ingressus
1530 304 1734 371 fruges,
1793 322 1922 372 quas
1972 302 2107 356 Iulio

255 389 435 423 mense
473 371 663 421 multas
701 372 753 421 in
793 373 936 438 agris
973 371 1203 436 viderat,
1256 379 1348 422 aut
1393 372 1586 422 utendo
1625 381 1715 423 aut
1751 372 2108 424 comburendo

255 450 588 491 consumeret
625 439 985 508 populumque
1032 449 1201 491 totum
1239 439 1322 490 vel
1358 439 1606 492 rebellem
1643 440 1819 508 gladio
1857 441 2110 492 devoran-

254 509 381 560 dum
420 509 584 573 daret,
624 508 706 560 vel
733 508 984 559 humilem
1010 517 1321 579 perpetuaea
1349 510 1587 560 servituti
1614 509 1890 561 subiceret.
1939 510 2110 562 Econ-

253 588 336 630 tra
376 578 615 630 Saxones
654 595 847 646 magno
886 579 991 628 iam
1029 579 1263 647 periculo
1309 579 1435 630 facti
1484 578 1795 648 prudentes,
1845 596 1966 629 cum
2003 597 2110 631 non

254 649 456 699 minore
494 655 751 698 venerunt
789 648 1040 712 exercitu,
1078 649 1184 698 iam
1222 666 1327 699 non
1366 649 1500 699 sicut
1537 656 1692 698 antea
1717 647 1932 717 fugaces
1963 656 2113 718 terga

254 716 454 781 daturi,
506 716 596 767 sed
635 716 840 767 fortiter
878 734 972 783 pro
1012 735 1107 767 sua
1144 716 1388 768 libertate
1427 717 1742 786 pugnaturi,
1792 719 1865 769 ita
1901 725 1960 768 ut
1996 735 2113 769 eam

253 784 334 836 vel
362 785 466 836 Dei
492 784 690 836 auxilio
729 786 949 836 firmiter
986 787 1286 851 retinerent,
1323 786 1410 838 vel
1437 805 1557 837 cum
1585 788 1696 838 vita
1730 785 1886 837 simul
1911 787 2113 838 amitte-

253 864 384 905 rent.
441 854 586 922 Ergo
626 852 782 905 ambo
823 856 1085 905 exercitus
1124 857 1179 906 in
1215 855 1330 907 loco
1371 857 1460 925 qui
1497 855 1690 906 dicitur
1715 854 1947 907 Everha¹
1994 874 2114 908 con-

254 932 530 988 venerunt,
569 930 620 973 et
656 941 687 973 a.
724 942 780 975 se
817 941 923 974 non
960 923 1075 975 1000
1115 925 1207 976 sed
1233 927 1408 976 animo
1447 925 1603 993 longe
1630 925 1856 976 fuerunt.
1912 924 2116 977 Tamen

254 993 521 1044 exercitus
569 993 709 1061 regis
759 993 824 1043 ad
873 993 1134 1062 proelium
1191 1012 1296 1045 non
1354 1003 1412 1046 ut
1459 1004 1615 1046 antea
1661 1003 1936 1063 promptus
1988 1003 2115 1061 erat,

256 1063 379 1131 quia
417 1080 523 1112 non
561 1070 696 1112 slcut
722 1062 961 1114 audierat
985 1062 1203 1115 inbelles
1231 1082 1344 1115 esse
1373 1064 1612 1115 Saxones
1644 1074 1893 1132 expertus
1919 1064 2137 1132 fuerat,
2171 1096 2173 1098 -

254 1141 306 1183 et
342 1149 537 1200 magna
574 1132 675 1183 sibi
713 1150 835 1201 pars
875 1132 939 1184 de
977 1134 1139 1200 priori
1177 1132 1511 1184 multitudine
1550 1134 1744 1185 deerat.
1810 1134 1947 1184 Nam
1985 1134 2118 1185 Ber-
2174 1188 2177 1192 ,

254 1200 492 1253 tholdusl’
544 1210 595 1252 et
639 1201 899 1253 Rodulfus
951 1202 1111 1253 duces
1157 1210 1438 1271 postquam
1477 1221 1508 1253 a
1544 1203 1709 1271 priori
1759 1211 1880 1254 sunt
1915 1202 2117 1272 proelio
2170 1227 2171 1230 ¹

254 1271 483 1335 reversi,
542 1269 722 1321 divina
777 1273 973 1339 pietate
1030 1273 1332 1340 compuncti
1391 1271 1824 1341 quadragesimas
1881 1271 2116 1341 publice⁰

255 1342 653 1406 ieiunaverunt,
695 1347 745 1391 et
782 1339 1011 1409 amplius
1049 1358 1105 1390 se
1141 1359 1236 1409 pro
1274 1359 1399 1409 rege
1439 1350 1622 1392 contra
1661 1341 1934 1393 Saxonum
1970 1343 2118 1393 inno-

256 1410 484 1461 centiam
522 1428 628 1460 non
667 1427 782 1460 esse
820 1418 1166 1478 pugnaturos,
1204 1409 1426 1462 fideliter
1465 1411 1581 1462 Deo
1620 1419 1892 1463 voverunt.
1967 1411 2118 1462 Tunc

255 1478 355 1529 illid
396 1478 463 1528 ad
503 1477 745 1531 Saxones
783 1479 1062 1546 miserunt3
1103 1488 1155 1531 et
1192 1487 1409 1548 accepta
1437 1479 1666 1550 dataque
1692 1480 1813 1546 fide,
1851 1480 1920 1532 ad
1950 1498 2118 1534 secre-

255 1558 368 1599 tum
408 1547 683 1599 consilium
723 1549 991 1617 principes
1044 1568 1112 1600 ex
1149 1557 1372 1618 utraque
1409 1556 1558 1618 parte
1598 1557 1973 1604 convenerunt.
2033 1550 2119 1603 Ibi

254 1616 331 1668 illi
376 1619 569 1668 nostris
618 1619 670 1668 in
717 1637 812 1669 sua
848 1618 953 1669 fide
990 1619 1373 1687 promiserunt,
1432 1618 1572 1688 quod
1618 1620 1663 1669 si
1701 1637 1755 1669 se
1793 1627 1980 1688 sponte
2016 1627 2118 1673 tra-

257 1686 431 1738 dendo
477 1687 592 1756 regi
640 1687 834 1739 vellent
881 1687 1134 1739 honorem
1178 1688 1378 1753 facere,
1430 1697 1481 1740 et
1517 1696 1628 1740 tota
1668 1688 1904 1740 saxonia
1940 1690 2120 1760 quieta

257 1765 417 1808 staret
453 1758 508 1806 in
547 1775 694 1825 pace,
735 1765 786 1808 et
822 1758 926 1825 ipsi
962 1776 1060 1808 nec
1098 1758 1153 1808 in
1191 1757 1323 1809 dura
1346 1775 1445 1808 nec
1471 1758 1526 1808 in
1551 1757 1710 1827 longa
1745 1758 1918 1811 forent
1955 1761 2118 1829 capti·
2167 1755 2204 1816 ,—

255 1827 433 1877 vitate.
507 1827 675 1877 Fama
727 1844 938 1896 quoque
986 1835 1210 1879 testante
1263 1830 1640 1896 comperimus,
1699 1828 1840 1897 quod
1876 1847 1972 1880 rex
2010 1848 2118 1882 suis

256 1897 483 1946 iurasset
519 1897 863 1965 principibus,
902 1903 960 1947 ut
997 1898 1040 1947 si
1076 1896 1177 1947 hoc
1215 1896 1281 1947 ad
1318 1897 1573 1948 honorem
1602 1916 1755 1948 suum
1787 1898 2117 1967 perficerent,

256 1965 312 2015 in
347 1965 610 2034 principio
649 1966 965 2017 Novembris
1011 1967 1244 2035 proximi
1284 1984 1464 2017 omnes
1502 1967 1571 2018 ad
1608 1985 1703 2018 sua
1741 1985 1861 2018 cum
1898 1986 2030 2037 pace
2069 1977 2120 2022 et

166 2060 237 2091 occ.
257 2036 428 2103 gratia
479 2053 572 2086 sua
611 2035 908 2088 dimitteret.
985 2036 1154 2104 Igitur
1202 2054 1382 2087 omnes
1423 2037 1659 2104 episcopi
1694 2039 1883 2098 nostri,
1940 2038 2116 2106 duces,
2167 2091 2169 2094 ,

217 2135 223 2142 -
259 2104 476 2156 comites
517 2106 782 2174 ceterique
822 2107 1087 2169 maiorese,
1125 2123 1286 2157 manu
1323 2105 1447 2156 fidei
1475 2106 1540 2158 ab
1567 2105 1667 2158 illis
1695 2115 1916 2176 accepta
1939 2109 2118 2177 regiae

256 2175 507 2243 potestati
563 2193 617 2226 se
675 2184 861 2243 sponte
911 2174 1265 2240 tradiderunt,
1319 2182 1595 2245 totumque
1651 2174 1907 2245 populum
1964 2195 2120 2229 suum

256 2242 413 2294 valde
451 2244 655 2296 tristem
692 2246 746 2294 in
783 2245 1010 2312 patriam
1045 2244 1217 2295 redire
1255 2245 1536 2297 iusserunt.

398 2314 481 2364 55.
558 2313 874 2365 Distributis
922 2332 1046 2382 ergo
1096 2332 1191 2382 per
1239 2313 1507 2365 custodias
1558 2314 1888 2383 principibus
1925 2317 2118 2369 nostris

256 2401 354 2434 rex
393 2384 585 2434 omisso
626 2384 864 2434 exercitu
904 2383 1195 2435 Saxoniam
1236 2402 1355 2434 cum
1396 2401 1589 2453 magna
1613 2383 1782 2453 gloria
1807 2385 2119 2454 ingreditur,

257 2459 310 2504 et
345 2452 412 2504 ab
452 2453 531 2502 his
572 2453 660 2521 qui
699 2453 842 2504 domi
869 2460 1017 2504 erant
1043 2471 1165 2504 cum
1191 2455 1390 2504 maiore
1418 2451 1588 2522 gloria
1618 2455 1920 2522 suscipitur.
1981 2454 2120 2507 Nam
2171 2471 2185 2507 .’

258 2521 544 2590 sperabant
583 2541 720 2587 eum,
761 2525 896 2573 sicut
933 2523 1264 2592 promiserat,
1304 2541 1426 2573 cum
1464 2541 1597 2592 pace
1625 2531 1676 2575 et
1699 2526 1896 2592 pietate
1921 2526 2117 2592 venire,

260 2608 548 2660 omnesque
589 2610 710 2642 suas
748 2593 967 2643 iniurias
1008 2591 1260 2644 oblivioni
1298 2601 1586 2660 perpetuae
1619 2593 1843 2645 tradere.
1908 2594 1982 2647 At
2016 2594 2119 2661 ille,
2171 2603 2176 2609 “

260 2679 386 2712 suae
434 2662 799 2729 promissionis
839 2661 1061 2721 oblitus,
1109 2680 1207 2714 nec
1244 2662 1364 2713 Deo
1412 2680 1508 2729 pro
1547 2663 1793 2729 victoria,
1848 2682 2007 2733 quam
2045 2665 2121 2716 sic
2172 2694 2174 2698 ·

258 2729 442 2781 leviter
479 2740 775 2800 acceperat,
814 2731 1002 2800 dignas
1040 2731 1222 2783 laudes
1260 2731 1527 2783 humiliter
1561 2731 1810 2796 reddidit,
1847 2751 1944 2784 nec
1978 2733 2122 2785 illam
2168 2729 2193 2737 '⁶

260 2817 420 2868 quam
457 2809 581 2851 tunc
620 2800 871 2880 habebat·
895 2800 1119 2869 gloriam
1165 2819 1401 2871 unquam
1440 2819 1495 2851 se
1533 2800 1975 2869 disperditurumf
2012 2822 2121 2856 cre-

75 2869 411 2920 *p.349,didit,
486 2869 644 2934 Quod
682 2871 726 2920 si
763 2889 875 2938 regl
911 2872 1126 2938 regum*
1179 2889 1234 2922 se
1279 2878 1406 2922 tunc
1453 2870 1719 2922 humiliter
1766 2872 2123 2926 substerneret
2168 2896 2170 2898 ’

263 2947 314 2989 et
350 2939 404 2988 in
441 2939 610 2990 victos
648 2939 1065 2991 misericordiam
1105 2939 1210 2991 Dei
1260 2938 1582 3005 ostenderet,
1632 2958 1740 2991 non
1777 2940 1947 2993 solum
1987 2961 2120 3013 quos

262 3008 466 3060 vicerat
506 3008 761 3074 Saxones,
800 3008 893 3060 sed
932 3027 1112 3060 omnes
1151 3009 1345 3078 quibus
1371 3009 1672 3077 imperabat,
1700 3018 1900 3079 gentes,
1937 3012 2122 3066 timere
2169 3016 2179 3049 '³

265 3095 320 3128 se
357 3078 555 3146 pariter
592 3086 643 3129 et
679 3096 856 3129 amare
894 3078 1116 3144 faceret,
1166 3085 1217 3130 et
1253 3078 1320 3129 ad
1356 3076 1472 3128 illas
1511 3081 1669 3130 etiam
1707 3081 1946 3133 nationes
1985 3101 2122 3152 quae

266 3199 303 3240 a)
333 3201 383 3231 ica
413 3201 454 3240 23
482 3204 667 3240 perpetuo
698 3204 730 3236 1,
843 3199 881 3238 b)
908 3201 1113 3233 Bertoldus
1144 3203 1174 3232 1.
1275 3199 1307 3241 0)
1335 3211 1371 3241 p.
1399 3210 1467 3241 pro
1497 3202 1557 3233 dei
1585 3202 1720 3234 timore
1751 3204 1776 3236 i.
1807 3204 1843 3235 2.
1943 3203 1980 3246 d)
2008 3206 2059 3238 Hi
2088 3207 2124 3238 2.
2165 3197 2199 3250 “.]

267 3248 302 3289 e)
341 3258 388 3281 m.
430 3248 624 3281 Saxonum
665 3253 701 3281 et
741 3250 1023 3288 Thuringorum
1064 3251 1095 3282 2.
1199 3248 1226 3290 f)
1268 3251 1321 3281 ita
1361 3251 1554 3282 emendavit
1594 3251 1772 3292 Pertziu8;
1812 3253 2047 3293 dispoturum
2082 3256 2124 3294 13
2167 3243 2186 3286 J'

266 3298 539 3337 dispositurum
567 3299 618 3330 ed.

272 3395 316 3446 1)
350 3395 473 3434 E'bra
497 3409 638 3448 prope
667 3395 1046 3438 Sondershausen.
1112 3396 1162 3437 P.

2159 3288 2197 3340 '2³4'

2162 3356 2192 3400 1·-
