2204 3765
252 99 308 138 52
724 100 928 140 BRUNO
963 99 1044 138 DE
1078 98 1277 139 BELLO
1313 98 1633 140 SAXONICO.

123 239 389 308 1081.le9io
433 239 508 290 vel
547 239 893 308 confessioni,
947 255 1097 305 quem
1140 235 1343 288 Christi
1379 254 1482 288 vose
1515 237 1780 306 praetulit
1817 238 2106 303 universis,

252 327 405 376 quem
442 307 660 359 ecclesia
700 307 1013 358 veneranda
1052 324 1258 373 semper
1283 306 1532 373 confessa
1570 314 1715 358 estet
1741 307 1894 358 habet
1918 307 2109 358 devota

129 401 183 432 ez>-
203 393 233 428 2.
246 380 570 447 primatem!
638 378 766 427 Item
793 375 971 426 Iulius
987 394 1149 443 papa
1176 375 1530 426 orientalib-us
1558 376 1825 444 episcopis
1851 376 2105 441 scribens,

253 448 317 498 de
344 453 609 516 potestate
648 446 884 496 eiusdem
923 452 1142 496 sanctae
1181 452 1226 495 et
1266 445 1593 512 apostolicae
1631 446 1772 496 sedis
1813 446 1922 495 ait:
1979 444 2103 495 ‘De-

251 524 436 568 cuerat
474 534 582 580 vos,
604 515 839 581 fratres,
880 514 1142 565 adversus
1181 523 1427 566 sanctam
1462 515 1773 566 Romanam
1808 521 1854 564 et
1893 522 2104 582 aposto-

250 586 411 636 licam.
451 584 723 636 ecclesiam
763 584 995 649 limatea,
1043 592 1089 634 et
1138 603 1248 635 non
1295 586 1501 636 ironice
1548 583 1713 650 loqui,
1762 586 2024 652 quoniam
2061 590 2108 635 et

250 658 367 722 ipse
405 655 656 706 dominus
708 662 884 705 noster
921 653 1072 704 Iesus
1115 653 1361 706 Christus
1409 673 1526 704 eam
1564 653 1805 704 decenter
1844 652 2109 705 allocutus

254 726 360 774 ait:
410 725 526 775 “Tu
566 742 617 774 es
657 723 863 787 Petrus,
903 730 948 774 et
985 741 1153 790 super
1191 724 1331 775 lianc
1360 731 1576 792 petram
1617 721 1912 788 aedificabo
1951 720 2106 774 eccle-

253 795 393 844 siam
439 812 633 858 meam,
690 801 736 843 et
785 800 976 860 portae
1026 792 1197 860 inferi
1252 812 1361 844 non
1396 792 1796 861 praevalebunt
1845 791 2106 842 adversus

252 882 384 927 eam,
448 870 493 912 et
549 863 647 914 tibi-
703 862 840 913 dabo
898 861 1072 913 claves
1133 865 1293 929 reqni
1348 862 1661 914 coelorum.''
1737 861 1910 912 Habet
1964 862 2106 912 enim
2175 919 2179 925 ⁴

246 940 557 1000 potestatem
608 932 887 1001 sinqulari
926 931 1223 1000 privileqio
1275 932 1377 983 sibi
1425 950 1746 996 concessam,
1799 932 2014 999 aperire
2062 937 2109 980 et

251 1001 501 1053 claudere
539 1004 770 1053 ianuam
805 1003 965 1070 reqni
1003 1000 1254 1065 coelestis,
1295 1002 1488 1071 quibus
1515 1001 1773 1052 voluerit?
1840 999 1943 1052 Cui
1981 1018 2107 1069 erqo

253 1072 542 1139 aperiendi
595 1079 641 1121 et
690 1070 986 1122 claudendi
1036 1070 1166 1123 coeli
1213 1072 1347 1122 data
1403 1079 1478 1122 est
1525 1078 1779 1138 potestas,
1842 1070 1906 1120 de
1961 1076 2111 1121 terra

252 1141 502 1192 iudicare
537 1160 644 1192 non
682 1140 834 1192 licet?
898 1141 1069 1191 Absit.
1143 1141 1290 1192 Num
1327 1143 1586 1204 retinetis,
1627 1139 1771 1208 quod
1817 1140 1897 1190 ait
1922 1138 2108 1189 beatus

0 1217 116 1251 *00⁷2
146 1219 178 1248 Β·
202 1217 233 1248 3-
253 1210 460 1262 Paulus
535 1211 842 1279 apostolus:
917 1210 1168 1261 ‘Nescitis
1236 1212 1369 1280 quia
1433 1209 1655 1278 anqelos
1725 1209 2109 1273 iudicabimus,

254 1288 456 1349 quanto
495 1283 673 1350 ma‘qis
712 1279 1076 1331 saeculariafl'
1148 1280 1356 1330 Beatus
1395 1298 1602 1348 quoq-ue
1631 1278 1930 1348 Greqorius
1954 1296 2113 1346 papa

253 1351 436 1419 reyesb
478 1370 511 1401 a
548 1370 651 1401 sua
689 1350 956 1419 dignitate
994 1350 1186 1400 cadere
1224 1351 1428 1414 statuit,
1467 1352 1561 1417 qui
1601 1347 1931 1417 apostolicae
1970 1347 2112 1399 sedis

23 1417 180 1458 ²³⁶9·¹32
204 1419 237 1451 3·
257 1420 471 1471 decreta
506 1420 712 1471 violare
741 1421 1231 1487 praesumpserint,
1271 1419 1508 1470 scribens
1549 1419 1624 1469 ad
1651 1419 1920 1486 quendam
1958 1435 2113 1468 sena-

255 1498 452 1541 toremc
503 1491 588 1540 his
638 1489 840 1540 verbis:
900 1488 983 1540 ‘Si
1032 1490 1153 1558 quis
1199 1508 1404 1558 requm,
1456 1489 1813 1553 sacerdotum,
1869 1487 2114 1538 iudicum

260 1567 416 1628 atque
457 1559 825 1611 saecularium
852 1577 1223 1628 personarum
1273 1560 1413 1610 lianc
1466 1559 1861 1610 constitutionis
1897 1564 2113 1607 nostrae

246 1631 532 1699 paqinam
573 1648 887 1697 aqnoscens,
939 1636 1128 1679 contra
1180 1647 1295 1679 eam
1343 1629 1525 1680 venire
1576 1627 1928 1696 temptaverit,
1964 1634 2108 1694 pote-

255 1702 412 1751 statis
451 1700 775 1768 honorisque
814 1700 901 1749 sui
940 1698 1245 1767 diqnitated
1293 1705 1495 1763 careat,
1544 1716 1796 1766 reumque
1834 1715 1887 1748 se
1925 1697 2113 1748 divino

254 1769 464 1821 iudicio
504 1771 727 1820 eaeistere
767 1769 830 1819 de
862 1776 1180 1836 perpetrata
1227 1770 1518 1836 iniquitate
1566 1774 1866 1837 coqnoscat,
1920 1773 1966 1816 et
2003 1766 2116 1817 nisi

256 1857 321 1889 ea
371 1857 508 1906 quae
561 1839 625 1889 ab
677 1837 769 1889 illo
824 1846 951 1888 sunt
1006 1838 1142 1888 male
1193 1837 1377 1889 ablata
1424 1839 1743 1902 restituerit,
1805 1834 1886 1886 vel
1940 1836 2116 1905 diqna

247 1910 582 1972 poenitentia
635 1908 817 1959 illicite
866 1915 987 1959 acta
1037 1908 1331 1975 defleverit,
1384 1927 1418 1958 a
1474 1908 1844 1958 sacratissimo
1893 1923 2116 1973 corpore

260 1998 322 2029 ac
361 1979 632 2048 san-quine
669 1979 881 2029 domini
919 1977 1268 2045 redemptoris
1306 1979 1481 2029 nostri
1507 1978 1631 2027 Iesu
1663 1976 1865 2029 Christi
1902 1975 2115 2027 alienus

243 2048 370 2114 fiat,
412 2056 568 2116 atque
606 2049 666 2099 in
708 2056 922 2099 aeterno
962 2050 1211 2099 eaeamine
1251 2048 1531 2098 districtae
1570 2047 1770 2098 ultioni
1807 2045 2116 2097 subiaceat.'

264 2116 422 2177 Quod
459 2119 508 2169 si
545 2118 730 2169 beatus
772 2116 1090 2187 Greqorius,
1142 2117 1327 2169 doctor
1364 2118 1546 2186 utique
1584 2117 1914 2180 mitissimus,
1941 2136 1943 2138 ·
1966 2133 2118 2185 requ

260 2189 355 2256 qui
393 2195 598 2238 statuta
649 2206 752 2238 sua
797 2205 962 2255 super
1008 2206 1178 2238 unum
1225 2187 1620 2238 menoclocliium
1669 2184 1952 2251 violarent,
2007 2203 2117 2237 non

258 2257 413 2308 modo
467 2258 682 2326 deponi,
733 2258 823 2308 sed
874 2258 1034 2308 etiam
1082 2259 1540 2308 eoecommunicari
1589 2264 1746 2324 atque
1792 2257 1853 2307 in
1902 2262 2117 2307 aeterno

259 2329 508 2378 eoeamine
546 2328 807 2379 damnari
839 2327 1098 2393 decrevit,·
1139 2329 1257 2396 quis
1283 2345 1381 2378 nos
1401 2327 1772 2390 Heinricume,
1812 2344 1921 2377 non
1947 2324 2118 2376 solum

262 2396 680 2464 apostolicorum
706 2398 1037 2448 iudiciorum
1063 2405 1483 2466 contemptorem,
1522 2415 1706 2448 verum
1743 2396 1905 2447 etiam
1943 2396 2119 2463 ipsius

259 2469 452 2518 matris
490 2467 755 2531 ecclesiae,
796 2474 1060 2535 quantum
1087 2468 1146 2518 in
1173 2469 1294 2535 ipso
1322 2474 1408 2531 est,
1451 2466 1889 2531 conculcatorem,
1928 2467 2114 2516 totius-

260 2555 361 2605 que
399 2538 558 2606 reqni
593 2545 639 2588 et
676 2535 1027 2587 ecclesiarum
1056 2537 1507 2605 improbissimum
1522 2536 1859 2605 praedonem
1896 2542 1943 2586 et
1980 2542 2120 2587 atro-

261 2608 536 2658 cissimum
574 2607 970 2672 destructorem,
1010 2608 1320 2674 deposuisse
1350 2614 1396 2657 et
1422 2607 1909 2658 eoeeommunieasse
1936 2622 2115 2673 repre-

261 2677 477 2740 hendat,
528 2678 642 2728 nisi
674 2677 827 2743 forte
880 2676 1074 2727 similis
1122 2678 1267 2742 eius,·
1319 2677 1458 2727 sicut
1505 2676 1653 2727 beato
1699 2675 1855 2726 Petro
1905 2675 2119 2726 docente

262 2748 610 2815 coqnovimus
646 2748 705 2797 in
752 2746 980 2813 epistola
1031 2747 1093 2798 de
1145 2747 1493 2798 ordinatione
1535 2745 1861 2810 Clementisl,
1910 2747 1971 2795 in
2009 2763 2120 2813 qua

262 2817 338 2866 sic
369 2817 473 2866 ait:
513 2815 596 2868 ‘Si
623 2818 746 2883 quis
775 2815 1178 2883 amicusfuerit
1217 2817 1316 2882 liis,
1355 2816 1548 2884 quibus
1587 2817 1718 2884 ipse'
1745 2847 1813 2852 —
1839 2815 1903 2867 de
1940 2814 2120 2866 eodem

268 2884 527 2937 Clemente
566 2886 750 2936 dicens
788 2918 857 2922 -—
896 2890 1020 2937 ‘non
1059 2886 1313 2953 loquitur,
1366 2904 1510 2936 ianus
1548 2893 1620 2936 est
1657 2893 1703 2936 et
1739 2886 1854 2952 ipse
1891 2902 1956 2934 eoc
1991 2883 2119 2950 illis,

263 2957 359 3022 qui
421 2957 781 3006 ezcterminare
837 2955 945 3006 Dei
1006 2954 1282 3007 ecclesiam
1337 2955 1553 3021 volunt,-
1616 2963 1662 3004 et
1724 2974 1840 3006 cum
1896 2971 2120 3023 corpore

264 3024 541 3075 nobiscum
579 3043 689 3076 esse
726 3024 957 3089 videtur,
1004 3033 1170 3077 mente
1221 3032 1267 3076 et
1315 3027 1499 3075 animo
1545 3032 1737 3076 contra
1785 3043 1883 3076 nos
1930 3032 2019 3089 est,
2074 3030 2121 3074 et

265 3101 340 3144 est
383 3093 544 3144 multo
595 3096 823 3161 nequior
871 3094 1036 3146 hostis
1084 3095 1185 3159 liic,
1235 3113 1395 3164 quam
1437 3094 1524 3146 illi
1572 3097 1666 3163 qui
1699 3093 1854 3162 foris
1903 3101 2028 3145 sunt
2074 3100 2121 3145 et

266 3163 538 3214 evidenter
574 3164 801 3215 inimici.
877 3163 981 3214 Hic
1021 3165 1162 3214 enim
1188 3183 1296 3232 per
1325 3166 1696 3216 amicitiarum
1721 3164 1945 3232 speciem
1982 3182 2119 3232 quae

267 3296 304 3339 a)
332 3297 498 3329 limitare
528 3299 559 3328 1.
649 3296 687 3334 b)
716 3298 806 3328 deest
836 3298 866 3329 1.
959 3297 990 3338 c)
1019 3297 1243 3330 senatorem
1271 3299 1450 3331 abbatem
1477 3299 1559 3339 Req.
1650 3298 1688 3340 d)
1716 3300 1808 3330 deest
1835 3301 1868 3333 1.
1959 3296 1994 3339 e)
2022 3298 2056 3330 N
2084 3300 2118 3330 1.

215 3461 219 3464 q
271 3405 316 3460 1)
351 3405 776 3447 Pseudoisidoriana
812 3405 1051 3459 Clementis,
1077 3421 1128 3460 p.
1155 3408 1210 3447 36
1246 3409 1312 3450 ed.
1337 3408 1593 3452 Hinscliius.
