2204 3765
260 99 317 136 84
758 96 955 136 BRUNO
988 96 1068 135 DE
1103 96 1297 135 BELLO
1333 97 1640 136 SAXONICO.

132 235 465 286 107⁹-iubente
502 236 778 286 invaserit.
858 231 1015 292 Quod
1052 253 1144 284 nec
1185 252 1283 284 nos
1328 233 1414 284 illi
1451 234 1741 298 obicimus;
1789 242 1875 285 sed
1910 236 1971 285 in
2008 234 2104 286 hoc
2167 232 2187 270 Γ

259 304 403 356 illum
464 321 808 367 accusamus,
866 303 1006 371 quod
1051 310 1097 353 et
1155 303 1463 371 approbare
1505 304 1857 372 paratissimi
1904 321 2104 369 sumus,

257 375 456 443 quippe
503 373 644 441 quod
689 373 779 422 sui
824 390 928 422 sua
971 374 1325 440 permissione
1362 373 1499 423 bona
1538 371 1900 424 ecclesiastica
1946 373 2102 423 inva-

256 451 457 504 serunt,
485 442 677 510 quibus
697 443 813 509 ipse
840 441 1160 509 rogantibus
1188 443 1282 492 hoc
1304 443 1575 506 concessit,
1601 443 1850 493 dividens
1870 441 2104 511 sinqulis

247 519 416 580 prout
459 511 652 575 voluit,
709 519 754 560 et
805 511 905 561 hac
955 512 1190 562 mercede
1228 512 1479 562 conducti
1527 519 1676 576 sunt,
1729 517 1786 561 ut
1822 511 2107 580 iniquitati

256 601 386 632 suae
435 582 574 630 vires
622 581 1100 631 aniministrarent.
1187 578 1550 649 Quaecunque
1599 588 1775 631 autem
1820 581 1883 631 de
1915 579 2102 647 facul<

255 650 454 700 tatibus
492 650 866 716 episcoporum
908 652 963 700 in
1004 648 1100 700 illa
1138 649 1516 702 distributione
1552 650 1808 701 militibus
1846 669 1955 701 non
1982 668 2104 701 con-

256 737 400 770 cessa
447 718 860 786 supeifuerunt,
918 719 1002 769 his
1053 721 1168 786 ipse
1214 727 1475 787 tanquam
1513 721 1768 787 propriis
1814 721 2015 783 utitur,
2060 725 2107 769 et
2168 744 2179 761 ·

255 797 363 838 tam
402 787 684 855 manifeste
722 789 837 838 suis
874 788 1063 838 usibus
1102 789 1431 852 deserviunt,
1473 791 1587 840 acsi
1625 789 1951 840 hereditario
1986 791 2107 840 iure

256 858 360 909 sibi
407 859 801 924 provenissent.
888 858 952 907 In
1009 877 1116 925 qua
1174 860 1515 910 accusatione
1571 860 1619 909 si
1655 858 1932 926 falsitatis
1988 876 2108 909 con-

256 928 553 992 vincimur,
611 945 731 992 nos,
793 928 887 995 qui
933 935 1273 979 accusatores
1326 947 1534 993 sumus,
1593 930 1830 979 accusati
1869 946 2108 995 poenam

256 997 436 1048 subire
468 998 664 1063 parati
700 1015 901 1047 sumus.
969 996 1176 1047 Iudicet
1213 1017 1337 1067 erqo
1377 1006 1568 1049 sancta
1607 998 1754 1049 sedes
1794 995 2107 1066 apostolica,

256 1069 616 1134 inquirantur
642 1074 949 1117 sanctorum
967 1074 1190 1134 patrum
1210 1068 1462 1133 concilia,
1490 1069 1889 1136 interroqentur
1907 1067 2106 1118 Roma·
2176 1074 2179 1077 ’

256 1154 449 1188 norum
490 1137 812 1204 ponteficum
861 1136 1097 1201 decreta,
1147 1145 1328 1187 utrum
1371 1138 1451 1202 lii,
1503 1139 1598 1206 qui
1634 1139 1741 1188 ista
1761 1137 1995 1205 faciunt
2030 1135 2109 1187 vel

257 1208 597 1257 consentiunt
628 1206 997 1273 facientibus,
1046 1225 1153 1273 pro
1205 1208 1680 1258 excommunicatis
1730 1216 1777 1257 et
1824 1205 2109 1274 sacrileqis

259 1276 494 1327 habendi
519 1277 642 1340 sint,
681 1284 727 1326 et
752 1277 800 1325 si
825 1275 903 1326 vel
940 1277 1078 1343 ἱρεὺς
1103 1276 1182 1327 vel
1206 1278 1450 1343 ipsorum
1471 1276 1797 1344 fautoribus
1822 1277 2110 1328 communi-

258 1346 494 1397 candum
542 1347 626 1396 sit.
706 1343 810 1403 Qui
855 1364 973 1395 cum
1018 1364 1135 1395 vere
1183 1347 1384 1410 sciant,
1435 1365 1566 1396 vera
1614 1364 1719 1397 esse
1769 1364 1905 1413 quae
1952 1345 2014 1396 de
2052 1362 2109 1396 eo

257 1415 554 1483 loquimur,
594 1415 818 1464 scienter
855 1416 1252 1465 communicant
1290 1417 1401 1466 eius
1441 1415 1692 1483 operibus
1729 1415 2018 1483 malignis,
2065 1421 2112 1465 et

259 1486 361 1536 buc
401 1485 473 1535 ad
514 1485 606 1535 hoc
644 1487 825 1537 venire
863 1482 1044 1550 solent,
1085 1492 1142 1535 ut
1177 1486 1482 1536 iniustitiae
1520 1485 1753 1536 latebras
1781 1485 2112 1554 defensionis

259 1555 567 1617 obtendant,
608 1561 654 1603 et
690 1561 959 1605 tantorum
997 1554 1246 1606 scelerum
1279 1557 1516 1623 patroni
1553 1557 1803 1606 existant.
1880 1554 2111 1622 Cumque

261 1626 314 1674 in
356 1623 582 1675 concilio
622 1624 784 1674 liuius
823 1631 1040 1675 sanctae
1080 1625 1346 1689 ecclesiae,
1386 1644 1523 1693 quae
1561 1643 1768 1693 semper
1805 1623 1870 1674 ab
1910 1642 2109 1675 eaecom-

256 1696 540 1745 municatis
592 1693 856 1744 abstinere
895 1693 1098 1758 docuit,
1146 1713 1197 1744 se
1237 1698 1397 1762 quasi
1436 1703 1672 1746 oratores
1715 1694 1984 1759 eoebibent,
2029 1695 2113 1744 ita

250 1765 525 1831 patienter
564 1764 887 1829 audiuntur,
940 1767 1076 1815 sicut
1115 1773 1161 1814 et
1198 1766 1386 1828 nostri,
1436 1764 1582 1816 nullo
1621 1766 1934 1816 discrimine
1970 1765 2113 1814 inter

257 1834 430 1884 laesos
484 1840 530 1885 et
580 1832 847 1884 laedentes
903 1834 1097 1884 habito.
1181 1834 1259 1885 Hi
1307 1836 1467 1886 etiam
1523 1853 1700 1902 nuper
1749 1836 1810 1885 in
1861 1834 2114 1884 comitatu

259 1903 465 1954 domini
502 1904 590 1954 sui
625 1905 685 1954 in
724 1921 810 1954 eos
846 1905 1288 1970 insurreoeerunt,
1329 1907 1424 1973 qui
1457 1905 1762 1972 praeceptis
1801 1902 2112 1972 apostolicis

259 1973 536 2036 obediunt,
592 1980 650 2022 ut
702 1974 774 2023 ad
827 1973 1243 2025 inobedientiam
1295 1976 1749 2044 constrinqerent5
1805 1973 2005 2024 scilicet
2051 1974 2113 2024 in

251 2043 507 2110 partibus
554 2041 810 2109 Sueviae,
868 2042 963 2094 ubi
1008 2043 1281 2094 incendiis
1333 2043 1677 2095 ecclesiarum
1726 2051 1772 2094 et
1825 2043 2113 2094 altariuma

259 2112 712 2163 destructionibus
740 2112 1034 2181 sac7²ileqia
1059 2114 1488 2165 innumerabilia
1513 2116 1793 2165 commissa
1820 2119 1984 2164 sunt-‚¹
2043 2111 2112 2164 In

259 2201 369 2250 qua
414 2201 471 2232 re
521 2181 640 2232 illos
677 2183 804 2233 necb
856 2202 1174 2234 accusamus
1217 2202 1312 2234 nec
1350 2202 1703 2249 excusamus,·
1753 2182 1895 2234 illud
1938 2189 2114 2233 autem

79 2271 224 2313 ²p.375
261 2271 376 2304 vere
429 2251 811 2320 affirmamus,*
861 2253 1006 2319 quod
1045 2254 1255 2320 rapina
1303 2253 1403 2303 illa
1451 2256 1511 2305 in
1551 2254 1785 2305 ecclesiis
1835 2260 1882 2303 et
1925 2270 2114 2303 earum

262 2323 422 2374 atriis
442 2321 637 2390 facta,
688 2339 951 2373 consensu
998 2329 1044 2372 et
1071 2325 1424 2384 permissione
1474 2331 1583 2374 tam
1621 2324 1907 2391 principis
1951 2340 2115 2389 quam

262 2393 500 2444 omnium
551 2409 731 2458 paene
787 2392 1054 2443 maiorum
1107 2394 1202 2460 qui
1260 2393 1493 2444 aderant
1537 2399 1856 2461 perpetrata
1902 2398 2000 2455 est,
2049 2410 2115 2442 ea

261 2463 473 2531 quidem
500 2460 898 2527 deliberatione,
939 2461 1082 2530 quod
1108 2462 1432 2532 sac7⁴ifle92t>ni1
1459 2462 1610 2514 illum
1637 2464 1929 2514 eoeercitum
1956 2459 2115 2512 aliter

260 2532 554 2583 sustentari
592 2550 697 2582 non
729 2550 888 2599 posse
926 2540 1265 2583 censuerunt.
1340 2533 1455 2584 Hoc
1494 2551 1698 2602 quoque
1735 2533 1886 2583 novit
1921 2538 2114 2581 sancta

257 2602 513 2653 Romana
539 2601 773 2665 ecclesia,
803 2602 946 2670 quod
961 2601 1260 2670 praefatus
1282 2602 1576 2653 Heinricus
1598 2603 1791 2654 domno
1821 2600 2112 2670 apostolico

262 2670 621 2722 iureiurando
662 2670 976 2736 affirmavit,
1017 2672 1159 2740 quod
1198 2670 1407 2723 nullum
1439 2673 1647 2737 amodo,
1687 2673 1781 2741 qui
1808 2671 1882 2722 ad
1917 2669 2114 2722 limina

261 2741 624 2809 apostolorum
661 2741 724 2792 de
763 2741 1168 2810 quibuscunque
1206 2749 1474 2793 terrarum
1515 2742 1645 2794 locis
1682 2742 1981 2804 tenderent,
2032 2738 2114 2790 vel

258 2813 373 2877 ipse
422 2810 498 2861 vel
547 2811 748 2880 aliquis
786 2829 966 2861 eorum
1004 2829 1133 2879 quos
1181 2813 1546 2880 constringere
1577 2819 1761 2880 posset
1791 2809 2113 2878 prohiberet.

266 2879 511 2939 Qualiter
571 2888 745 2930 autem
792 2881 1033 2932 iuratam
1082 2880 1234 2932 illam
1276 2882 1690 2950 promissionem
1740 2880 2113 2944 observaverit,

263 2950 412 3001 nobis
468 2950 764 3000 tacentibus
826 2951 950 3018 ipsa
1010 2969 1190 3001 rerum
1244 2952 1458 3001 indicia
1515 2951 1889 3018 manifestant.
1961 2949 2112 3018 Eryo

253 3027 478 3087 praeter
535 3018 686 3070 illam
745 3037 882 3086 quae
939 3027 986 3069 et
1036 3020 1099 3070 ab
1158 3021 1402 3088 antiquis
1447 3021 1705 3088 patribus
1762 3028 1809 3072 et
1859 3039 1894 3070 a
1935 3026 2114 3070 vestra
2174 3043 2198 3070 N.

263 3090 542 3139 sanctitate
605 3090 664 3139 in
727 3089 1039 3139 huiusmodi
1092 3091 1566 3158 praevaricatores
1619 3089 1975 3158 promulqata
2041 3094 2116 3140 est
2175 3096 2199 3161 ξι

262 3159 623 3222 sententiamc,
673 3159 1117 3226 archiepiscopus
1163 3159 1518 3227 Maqontinus
1564 3163 1832 3211 maiorum
1870 3157 2112 3226 eaeempla
2165 3159 2199 3228 3?ss

264 3235 496 3292 secutus,
563 3228 838 3278 adiunctis
888 3228 990 3279 sibi
1039 3229 1309 3297 episcopis
1370 3248 1590 3281 numero
1644 3237 1865 3298 septem,
1917 3228 2113 3297 quibus

263 3331 300 3372 a)
331 3333 551 3363 altariorum
582 3334 612 3363 1.
716 3331 754 3371 b)
780 3333 830 3363 ita
860 3333 899 3371 23
927 3341 997 3364 nee
1025 3333 1112 3363 illos
1143 3334 1175 3364 1.
1277 3333 1310 3375 c)
1339 3334 1430 3364 deest
1459 3335 1490 3364 1.
1521 3335 1564 3373 23
1590 3335 1764 3374 supplevit
1791 3334 1956 3364 Ecklzart.

225 3469 230 3472 Ι
267 3411 311 3465 1)
347 3412 497 3453 stIense
533 3411 766 3453 Novembri
800 3427 839 3452 a.
878 3413 1015 3463 10783
1049 3427 1088 3453 v.
1123 3426 1261 3465 supra
1295 3426 1328 3454 e.
1365 3415 1464 3455 103.
