2204 3765
239 112 296 152 86
713 113 914 154 BRUNO
947 112 1029 152 DE
1064 112 1263 154 BELLO
1293 112 1610 156 SAXONICO.

110 263 218 298 10⁷8.
237 252 575 303 interdictum
632 250 957 318 apostolicae
1012 251 1155 301 sedis
1203 253 1554 319 praedictum
1603 259 1916 303 conventum
1951 268 2085 318 pro-

238 330 424 372 curent
469 322 527 371 in
580 322 797 371 irritum
842 320 1062 382 ducere,
1110 327 1156 369 et
1193 339 1301 371 non
1346 322 1560 372 iustitia
1597 321 1689 372 sed
1726 320 1981 387 superbia
2020 339 2084 371 ac

236 392 397 442 totius
433 392 592 458 reyni
629 389 952 440 desolatione
989 407 1120 439 suas
1156 391 1480 458 cupiditates
1523 389 1772 442 anhelent
1795 389 2015 457 implere
2039 397 2087 441 et

238 461 594 511 christianam
631 457 942 527 religionem
980 458 1262 523 destruere,
1304 477 1573 511 monemus
1612 478 1703 510 vos
1748 465 1794 509 et
1830 476 1894 509 ea:
1921 465 2086 526 parte

237 530 377 580 beati
401 529 546 579 Petri
573 530 968 595 praecipimus,
1008 534 1065 578 ut
1101 528 1298 580 talibas
1336 529 1545 580 nullum
1584 527 1889 579 auceiliuma
1918 545 2086 595 prae·

238 599 405 649 beatis
444 615 608 665 neque
652 597 761 648 illis
800 598 1208 648 communicetis.
1282 598 1348 648 In
1378 598 1670 666 praedicta
1707 598 1845 649 enim
1883 597 2085 665 synodo

236 669 344 718 iam
389 684 564 717 omnes
602 667 1168 718 eaeconmzunicatiom‘s
1216 675 1262 717 et
1300 668 1662 720 anathematis
1709 673 1834 717 sunt
1870 665 2087 718 vinculo

236 736 505 800 innodati,
545 743 591 785 et
621 743 674 785 ut
705 735 912 786 nullam
943 737 1219 787 victoriam
1247 738 1466 804 possint
1493 736 1740 801 obtinere,
1778 735 1918 787 beati
1943 735 2090 786 Petri
2159 798 2161 801 ι

231 812 492 873 potestate
530 813 653 856 sunt
692 805 971 874 obligattb;
1011 812 1067 855 ut
1105 805 1287 856 saltem
1315 808 1488 857 coacti
1513 805 1941 874 confundantur,
1981 811 2029 855 et
2054 823 2090 856 a
2159 839 2161 842 <

237 882 399 926 morte
438 875 751 925 animarum
797 893 1014 925 suarum
1066 883 1112 925 et
1155 875 1482 927 desolatione
1526 877 1824 944 propriaec
1863 875 2088 942 patriae

237 952 564 995 revocentur.
653 945 748 996 Vos
798 952 997 1008 autem,
1040 944 1256 1011 fratres
1307 946 1602 1010 carissimi,
1658 945 1722 996 de
1773 944 1889 995 rned
1939 942 2089 996 nullo

236 1014 390 1065 modo
432 1014 707 1078 dubitetis,
759 1014 903 1082 quod
948 1015 1185 1065 iniustae
1223 1016 1384 1083 parti
1422 1017 1652 1066 scienter
1702 1013 1885 1083 aliquo
1934 1013 2090 1065 modo
2163 1022 2167 1050 ἵ

221 1083 470 1152 faveam.
545 1084 731 1153 Ilffaqis
787 1085 926 1135 enim
974 1102 1081 1151 pro
1136 1093 1308 1135 vestra
1355 1085 1526 1136 salute
1575 1084 1818 1136 desidero
1873 1091 2090 1134 mortem
2132 1112 2135 1114 ·

240 1154 442 1218 subire,
491 1172 651 1222 quam
702 1155 861 1205 totius
905 1154 1096 1204 mundi
1144 1154 1380 1223 qloriam
1427 1154 1501 1205 ad
1539 1162 1769 1205 vestrum
1815 1154 2092 1204 interitum

243 1225 507 1292 arripere.
588 1220 744 1282 Quod
790 1225 840 1274 si
887 1223 1060 1291 aliqui
1106 1223 1167 1273 de
1198 1224 1455 1291 falsitate
1505 1224 1720 1290 confisi,
1773 1221 1963 1275 litteris
2011 1221 2092 1273 vel

239 1293 411 1344 verbis
450 1292 607 1344 aliter
644 1293 789 1343 vobis
827 1293 1209 1357 indicaverint,
1250 1293 1397 1344 nullo
1424 1292 1577 1344 modo
1617 1295 1690 1343 eis
1719 1293 2090 1360 acquiescatis.

240 1363 415 1414 Deum
452 1363 593 1413 enim
630 1364 871 1413 timemus
909 1370 956 1413 et
984 1380 1092 1427 pro
1133 1363 1247 1413 eius
1300 1381 1478 1414 amore
1517 1362 1728 1413 cottidie
1769 1361 2092 1431 affliyimur,

240 1440 287 1483 et
335 1433 455 1482 ideo
506 1432 814 1499 superbiam
866 1439 912 1482 et
963 1431 1338 1483 oblectamenta
1376 1431 1581 1483 saeculi
1618 1432 2091 1500 parvipendimus,
2191 1491 2197 1498 .

240 1503 375 1569 quia
401 1502 502 1552 cito
531 1501 683 1569 apud
710 1520 827 1552 eum
853 1500 1125 1552 consolari
1149 1501 1521 1552 indubitanter
1559 1502 1842 1552 credimus.
1914 1500 2094 1552 Omni·
2167 1547 2176 1560 ,

233 1578 428 1639 potens
466 1578 512 1620 et
556 1572 861 1621 misericors
898 1571 1069 1631 Deus,
1121 1573 1215 1639 qui
1262 1571 1408 1621 ultra
1449 1590 1619 1638 spem,
1666 1570 1813 1622 ultra
1847 1571 2095 1622 meritum
2174 1572 2190 1643 {-

241 1642 523 1691 miseretur
559 1648 606 1690 et
643 1640 957 1692 consolatur
993 1659 1089 1692 nos
1127 1643 1188 1692 in
1225 1640 1571 1692 tribulatione
1610 1648 1827 1706 nostra,
1878 1641 2096 1710 aperiat
2163 1653 2167 1662 ¹

244 1729 336 1761 cor
376 1718 601 1761 vestrum
636 1712 696 1761 in
734 1709 845 1780 leqe
871 1730 990 1776 sua,
1029 1718 1075 1762 et
1110 1711 1170 1761 in
1199 1712 1511 1779 praeceptis
1550 1713 1664 1762 suis
1692 1711 1963 1777 confirmet
1986 1728 2094 1776 vos,
2163 1752 2204 1773 ,.

246 1788 304 1830 ut
353 1782 668 1831 auctoritate
718 1780 858 1831 beati
896 1780 1040 1831 Petri
1087 1799 1120 1830 a
1167 1783 1373 1832 cunctis
1412 1783 1654 1848 peccatis
1700 1779 1968 1832 absolutos
2004 1797 2096 1832 vos

48 1863 115 1906 *μ
144 1866 227 1898 376.
249 1851 322 1901 ad
361 1849 571 1901 coeleste
607 1869 833 1917 reqnum
862 1851 1135 1917 perducat
1170 1852 1541 1919 regnaturos*

123 1938 231 1971 1079.
405 1920 518 1971 114.
602 1919 800 1972 Contra
852 1938 1010 1989 quam
1073 1927 1333 1972 nostrates
1389 1919 1553 1985 hano,
1611 1937 1768 1989 quam
1822 1919 2095 1989 supposui,
2193 1982 2201 1990 .

248 1989 506 2040 miserunt
551 1988 849 2057 epistolam:
904 1990 1225 2057 Accepimus
1280 1991 1487 2041 dudum
1541 1991 1845 2041 sanctitatis
1893 1997 2098 2042 vestrae
2160 1990 2199 2044 4⁵*

242 2061 449 2112 litteras
487 2060 583 2109 hoc
623 2062 962 2125 continentes,
1001 2061 1144 2128 quod
1187 2079 1274 2111 vos
1310 2062 1370 2111 in
1409 2060 1612 2130 synodo
1647 2059 1899 2110 Romana
1924 2059 2098 2111 decre·
2195 2114 2200 2122 ,

243 2133 425 2194 vistis,
496 2137 762 2197 quatenus
824 2132 882 2180 in
942 2132 1142 2181 nostris
1197 2130 1454 2197 partibus
1512 2138 1800 2181 conventus
1860 2131 2097 2181 omnium

242 2202 619 2267 episcoporum
646 2208 692 2249 et
716 2200 981 2251 laicorum
1007 2200 1182 2251 Deum
1206 2202 1503 2251 timentium
1526 2199 1683 2266 fleret
1710 2199 1785 2250 ad
1810 2199 2096 2251 discutien·
2156 2247 2159 2250 ,
2181 2231 2195 2260 2-

244 2271 374 2321 dum
423 2270 536 2332 hoc,
584 2271 675 2320 cui
718 2268 960 2334 illorum,
1010 2272 1104 2338 qui
1150 2269 1211 2320 de
1260 2271 1421 2338 reqni
1466 2268 1832 2338 gubernaculo
1876 2277 2096 2336 certant,

243 2341 458 2390 iustitia
513 2341 691 2407 maqis
719 2338 933 2406 faveat.
1008 2340 1074 2390 In
1126 2359 1235 2408 qua
1283 2358 1339 2390 re
1387 2340 1482 2390 hoc
1526 2341 1769 2406 primum
1814 2341 2097 2404 miramur,
2180 2391 2186 2394 .

245 2409 387 2478 quod
416 2409 723 2476 prudentia
753 2417 957 2459 vestrae
996 2411 1198 2474 statuit,
1239 2409 1381 2477 quod
1415 2407 1561 2460 nullo
1597 2409 1751 2460 modo
1781 2427 1943 2476 posse
1967 2409 2100 2474 fleri

246 2486 468 2530 constat.
522 2478 788 2529 Novimus
816 2481 955 2530 enim
984 2479 1078 2530 hoc
1117 2481 1403 2530 memoriae
1440 2487 1644 2530 vestrae
1682 2498 1792 2530 non
1817 2479 2099 2545 excidisse,

246 2548 390 2617 quod
427 2556 537 2599 tam
577 2549 819 2600 assiduis
858 2551 1212 2617 querimoniis
1233 2547 1647 2617 frequentatum
1686 2557 1759 2599 est
1797 2548 1953 2615 apud
1988 2567 2096 2615 vos,
2167 2551 2179 2573 ¹

246 2621 450 2687 quippe
512 2618 655 2686 quod
703 2637 883 2685 paene
943 2637 1120 2669 omnes
1171 2620 1416 2686 episcopi
1470 2620 1565 2687 qui
1609 2619 1726 2670 sedi
1773 2617 2099 2685 apostolicae

247 2688 514 2752 obediunt,
542 2688 604 2739 de
626 2690 739 2739 suis
759 2688 1158 2755 episcopatibus
1188 2687 1420 2756 eoepulsi,
1449 2708 1484 2739 a
1492 2687 1652 2756 facie
1662 2689 2100 2757 persequentium
2152 2719 2155 2751 3

242 2756 474 2826 fuyiunt
511 2765 557 2807 et
593 2757 838 2824 latitant;
886 2765 932 2807 et
968 2758 1227 2826 quomodo
1273 2759 1331 2810 hi
1367 2778 1478 2809 cum
1515 2759 1631 2809 suis
1660 2757 2098 2825 persecutoribus
2151 2772 2201 2802 M

249 2829 532 2878 convenire
575 2835 621 2878 et
675 2827 919 2895 conferre
967 2829 1030 2879 de
1081 2829 1164 2879 his
1218 2830 1401 2879 causis
1442 2835 1700 2895 possunt,
1748 2845 1856 2895 pro
1908 2827 2099 2896 quibus

250 2896 426 2965 aliqui
460 2895 673 2948 illorum
714 2899 878 2948 occisi
914 2905 1054 2962 sunt,
1095 2898 1319 2966 quidam
1361 2900 1422 2948 in
1461 2899 1824 2964 captivitatem
1862 2896 2099 2963 abducti,
2158 2906 2162 2910 ’

248 2965 446 3034 reliqui
472 2984 593 3017 vero
634 2967 876 3017 omnibus
912 2967 1066 3018 rebus
1103 2969 1217 3018 suis
1254 2964 1583 3034 exspoliati?
1643 2966 1857 3018 Deinde
1895 2985 2100 3036 quoque

250 3035 347 3086 hoc
383 3036 697 3086 mirandum
735 3054 1028 3100 censemus,
1077 3038 1220 3105 quod
1255 3036 1406 3088 illius
1449 3037 1682 3087 hominis
1722 3054 1944 3087 causam
1980 3055 2099 3088 cum

250 3104 363 3155 illis
410 3104 712 3156 hominibus
774 3106 1036 3157 discutere
1081 3108 1349 3170 iubemur,
1417 3124 1547 3175 quos
1599 3114 1846 3174 utrosque
1891 3105 2100 3175 legatus

248 3181 472 3224 sanctae
534 3174 810 3226 Romanae
874 3173 1123 3226 ecclesiae
1192 3183 1368 3227 vestra
1430 3177 1672 3226 iussione
1729 3194 1763 3225 a
1823 3175 2099 3228 liminibus
2152 3197 2154 3200 ·

252 3241 502 3294 ecclesiae
529 3252 747 3296 sanctae
773 3247 1068 3312 separavit.
1106 3244 1173 3297 Si
1200 3254 1373 3296 autem
1399 3245 1570 3296 nichil
1597 3245 1786 3297 horum
1807 3245 2099 3312 obstitisset,

255 3392 290 3433 a)
318 3392 546 3424 adiutorium
574 3393 618 3425 B.
692 3392 731 3435 b)
759 3394 909 3433 alligati
934 3394 976 3427 R.
1055 3394 1088 3436 c)
1116 3395 1263 3434 patriae
1290 3397 1440 3428 vestrae
1467 3396 1510 3431 R.
1588 3393 1626 3435 d)
1654 3395 1745 3426 deest
1772 3397 1804 3429 1.
1883 3393 1920 3438 e)
1948 3396 2038 3427 deest
2063 3396 2103 3437 1,-
2138 3438 2142 3443 ·

230 3451 315 3481 <eqo
343 3442 517 3481 supplevi.
576 3441 626 3474 W.
