2204 3765
92 249 198 280 1081.

92 296 197 329 Febr.

220 97 275 138 98
692 97 893 138 BRUNO
929 97 1010 137 DE
1046 97 1245 138 BELLO
1281 97 1600 138 SAXONICO.

218 244 588 301 convenerant,
645 236 852 303 magnis
907 244 958 285 et
1011 235 1204 302 parviS,
1260 234 1443 286 audire
1498 234 1693 288 liceret.
1783 236 1898 287 Iam
1948 256 2074 289 vero

218 305 457 358 sedentes
495 325 562 357 ex
599 314 821 373 utraque
860 312 1010 372 parte
1049 303 1140 354 diu
1177 304 1447 369 tacebant3
1500 305 1626 373 quia
1664 312 1715 355 et
1750 307 1932 372 nostri,
1983 308 2075 376 qui

215 376 385 444 rogati
435 374 532 426 illis
580 382 914 438 ocurrerant,
965 373 1094 442 quid
1141 372 1212 422 illi
1251 372 1445 424 vellent
1482 373 1862 442 expectabant3
1914 382 1964 426 et
1999 375 2076 427 illi

215 463 321 496 non
373 463 425 495 sc
472 461 687 511 rogasse
735 451 968 506 nostros,
1021 441 1114 494 sed
1162 443 1354 493 nostris
1405 451 1618 511 roga-tos
1663 444 1871 495 venisse
1908 444 2073 496 videri

215 514 468 577 volentes,
498 511 624 581 quid
652 530 682 562 a
706 513 897 563 nostris
925 520 1191 580 peteretur
1209 511 1593 563 auscultabant.
1652 512 1891 564 Tandem
1910 516 2076 566 nostri

215 590 520 651 rumpentes
548 581 827 643 silentium,
866 590 923 632 ut
949 582 1182 632 omnium
1209 581 1405 633 faceret
1431 581 1672 645 verbum,
1700 580 2076 634 Gevehardum

216 655 479 722 petierunt
531 649 969 718 salzburgensem
1021 651 1496 719 archiepiscopum.
1578 652 1682 715 Qui
1732 670 1969 719 surgens,
2018 662 2077 705 ut

215 729 327 772 erat
371 722 453 771 vir
502 738 596 788 per
648 722 824 770 omnia
876 720 1110 788 prudens
1162 730 1213 770 et
1258 720 1533 785 honestus,
1586 727 1637 770 et
1683 720 1869 772 honori
1917 740 2073 792 quem

216 790 434 858 gerebat
470 808 576 840 non
614 790 891 840 minimum
929 789 1203 840 conferens
1230 788 1458 854 honoris,
1485 788 1637 840 vultu
1662 790 1920 858 modesto,
1947 808 2077 844 voce

214 859 486 923 mediocri,
527 877 737 910 sensum
777 858 1012 927 profudit
1049 859 1301 925 sapientis
1341 867 1392 909 et
1423 860 1505 928 pii
1542 860 1798 928 pectoris:

356 930 470 980 127.
546 929 821 997 ‘Episcopi
849 927 1175 979 venerabiles
1215 928 1480 997 ceterique
1521 946 1653 997 quos
1679 928 1869 981 videtis
1895 929 2078 982 adesse

213 999 481 1067 principes
510 998 779 1056 Saxonici,
815 996 950 1049 hanc
980 1016 1194 1067 operam
1222 997 1383 1048 michi
1410 997 1613 1067 dignati
1641 1006 1762 1049 sunt
1787 999 2077 1067 imponere,

214 1076 471 1136 quatenus
509 1068 713 1118 animos
752 1069 986 1118 omnium
1026 1069 1130 1118 mei
1169 1069 1424 1118 sermonis
1465 1067 1638 1118 officio
1678 1068 1899 1120 debeam
1926 1069 2078 1122 vobis

214 1155 496 1206 exponere.
573 1137 728 1189 Unde
766 1155 863 1188 vos
904 1155 1101 1202 omnes,
1143 1136 1444 1188 sacerdotes
1485 1138 1654 1189 sancti
1682 1139 1949 1208 ceterique
1975 1139 2079 1208 pri-

214 1217 380 1258 mates
419 1208 614 1272 eximii,
655 1215 865 1275 rogatos
906 1225 1017 1257 esse
1056 1205 1191 1271 volo,
1243 1216 1299 1258 ut
1349 1225 1432 1257 me
1479 1207 1770 1275 dignemini
1820 1209 2079 1277 patienter

215 1277 414 1339 audire,
455 1286 506 1327 et
543 1294 731 1326 causae
771 1277 1055 1340 communi,
1097 1293 1256 1344 quam
1285 1294 1402 1326 sum
1429 1277 1602 1327 iussus
1630 1294 1804 1344 agere,
1843 1278 2075 1328 animum

214 1344 578 1414 tranquillum,
631 1364 735 1414 quo
787 1364 971 1396 verum
1024 1353 1345 1413 agnoscerea
1395 1354 1446 1396 et
1495 1347 1800 1396 examinare
1849 1348 2079 1415 possitis,

215 1414 496 1480 adhibere,
540 1415 665 1484 quia
702 1432 808 1465 non
844 1414 962 1482 plus
1001 1422 1181 1465 nostra
1213 1432 1373 1483 quam
1399 1424 1591 1480 vestra,
1631 1416 1673 1466 si
1711 1414 1887 1481 vultis,
1924 1417 2080 1468 inter-

216 1493 309 1548 est,
349 1502 485 1553 quae
524 1503 640 1535 sum
679 1483 913 1535 dicturus
940 1501 1245 1552 agnoscere.
1302 1484 1491 1535 Vestro
1517 1485 1755 1553 ipsorum
1779 1487 2079 1537 testimonio

215 1554 438 1605 fidenter
476 1554 767 1617 innitimur,
808 1555 932 1622 quia
968 1572 1079 1619 VOS,
1120 1555 1365 1623 quamvis
1403 1572 1436 1604 a
1472 1563 1651 1606 nostra
1688 1556 1939 1607 societate
1977 1554 2079 1607 dis-

217 1625 462 1685 cessistis,
517 1641 548 1673 a
603 1624 839 1675 veritatis
896 1641 1074 1675 amore
1130 1641 1236 1674 non
1292 1623 1585 1682 discedere,
1621 1624 1964 1676 confidimus:
2013 1659 2079 1664 —

217 1702 406 1756 vestro,
445 1694 678 1762 inquam,
717 1694 1016 1744 testimonio
1054 1693 1282 1762 probare
1308 1692 1570 1760 volumus,
1609 1695 1817 1763 quantis
1857 1695 2079 1762 iniuriis,

217 1764 427 1832 quantis
467 1762 799 1814 contumeliis
839 1764 1002 1814 simus
1041 1763 1227 1828 affecti,
1279 1763 1405 1814 dum
1455 1771 1566 1814 toto
1604 1764 1796 1831 animO,
1845 1771 1956 1816 tota
1992 1782 2081 1816 vo-

214 1832 430 1896 luntate,
483 1833 619 1884 sicut
663 1832 900 1897 decebat,
951 1834 1089 1901 regis
1129 1851 1338 1884 eramus
1389 1834 1603 1884 servitio
1654 1833 1896 1886 subiecti.
1968 1835 2079 1886 Vos

215 1904 320 1971 ipsi
360 1903 520 1967 scitis,
562 1903 804 1971 quotiens
844 1902 1150 1972 singillatim
1182 1901 1267 1954 vel
1304 1904 1656 1955 communiter
1679 1911 1915 1955 vestrum
1952 1905 2082 1974 peti-

216 1974 392 2023 vimus
431 1971 705 2038 auxilium,
756 1990 858 2042 quo
907 1991 1003 2042 pro
1053 1972 1300 2024 benivola
1348 1974 1601 2025 servitute
1644 1981 1823 2025 nostra
1859 1972 1947 2024 vel
1982 1973 2083 2025 hoc

218 2061 286 2093 ex
321 2043 695 2093 intercessione
734 2050 908 2093 vestra
946 2042 1189 2095 redderet
1223 2042 1377 2093 nobis
1416 2044 1727 2112 praemium,
1775 2052 1833 2094 ut
1878 2061 1910 2094 a
1953 2042 2082 2095 mu]-

216 2120 406 2176 tarum,
448 2130 582 2181 quae
620 2130 716 2162 nos
755 2112 1117 2180 importabiles
1156 2112 1485 2181 premebant,
1531 2112 1732 2164 levaret
1767 2112 1910 2164 fasce
1947 2112 2081 2165 cala-

217 2181 475 2232 mitatum.
562 2181 681 2232 Hoc
730 2183 853 2250 quia
900 2201 1057 2251 saepe
1107 2181 1518 2251 postulavimus,
1579 2183 1776 2252 optime
1821 2183 1986 2249 scitis3
2031 2190 2083 2234 et

220 2251 349 2320 quid
405 2250 721 2320 postulando
777 2251 1116 2320 profecimus,
1174 2251 1416 2303 similiter
1471 2252 1666 2320 optime
1718 2253 1878 2304 scitis.
1951 2251 2082 2304 Inde

217 2338 313 2373 vos
368 2338 475 2371 non
521 2322 842 2386 incusamus,
902 2323 1027 2390 quia
1075 2339 1168 2372 vos
1223 2340 1320 2390 pro
1375 2330 1555 2372 nostra
1610 2339 1784 2388 causa,
1841 2323 2082 2391 quamvis

218 2408 409 2459 parum
447 2389 599 2441 nobis
637 2391 926 2460 prodesset,
965 2409 1122 2460 saepe
1148 2391 1417 2443 laborasse
1445 2392 1792 2458 cognovimus
1808 2392 1848 2443 b.
1915 2392 2083 2457 Quale

217 2477 346 2511 vero
385 2461 680 2528 praemium
718 2469 928 2511 nostrae
957 2460 1225 2512 devotioni
1253 2460 1458 2512 dederit
1481 2460 1743 2527 ultimum,
1784 2461 1911 2530 quid
1950 2480 2082 2531 opus

219 2538 299 2581 est
337 2529 527 2595 dicere,
567 2547 687 2580 cum
713 2530 1050 2581 manifestum
1079 2538 1156 2582 est
1183 2530 1346 2582 oculis
1373 2531 1624 2597 omnium,
1664 2532 1788 2600 quia
1813 2531 1914 2583 hoc
1941 2531 2084 2600 quod

218 2598 405 2650 habuit
458 2601 781 2665 maximum,
845 2600 998 2651 nobis
1054 2600 1298 2670 rependit
1352 2609 1663 2652 extremum.
1768 2600 2082 2654 Sacerdotes

218 2687 447 2738 namque
485 2687 590 2720 non
629 2669 799 2720 solum
837 2669 901 2721 de
940 2669 1082 2721 nullo
1122 2671 1340 2722 crimine
1368 2671 1652 2736 convictOS,
1691 2670 1784 2721 sed
1810 2689 1907 2722 nec
1933 2689 2084 2740 regu-

217 2737 396 2791 lariter
432 2747 725 2804 accusatos,
771 2747 864 2790 aut
898 2741 952 2790 in
991 2739 1205 2791 vincula
1244 2740 1380 2791 sicut
1426 2738 1654 2791 latrones
1702 2741 1941 2806 coniecit,
1992 2748 2084 2792 aut

219 2827 250 2860 a
289 2807 504 2860 sedibus
543 2809 664 2871 suis,
712 2826 842 2878 quos
881 2827 1068 2879 capere
1106 2828 1213 2861 non
1249 2817 1470 2878 poterat,
1512 2810 1747 2859 omnium
1785 2828 1961 2860 rerum
2001 2828 2083 2862 su-

219 2895 371 2929 arum
410 2877 580 2929 nudos
608 2879 887 2947 effugavit,
926 2878 1269 2930 ecclesiarum
1306 2880 1461 2944 bona,
1503 2878 1697 2947 quibus
1735 2880 1975 2949 episcopi
1999 2878 2083 2932 vel

219 2948 324 3015 ipsi
361 2948 540 2999 vivere
579 2947 666 2998 vel
714 2965 976 3017 pauperes
1014 2948 1119 3001 Dei
1167 2957 1457 3000 sustentare
1504 2949 1770 3015 deberent,
1823 2950 2082 3001 scelerum

221 3034 435 3067 suorum
490 3016 787 3069 fautoribus
843 3017 1151 3086 dissipanda
1206 3019 1478 3069 concessit.
1572 3018 1791 3069 Terram
1846 3027 2081 3070 nostram

220 3084 400 3136 multis
438 3086 543 3136 iam
582 3087 788 3138 vicibus
827 3087 937 3154 igni
974 3088 1217 3157 ferroque
1256 3087 1508 3154 vastavit,
1547 3096 1801 3155 cognatos
1840 3089 1952 3140 sive
1988 3089 2082 3139 mi-

221 3155 338 3206 lites
376 3164 583 3206 nostros
621 3156 675 3205 in
711 3158 904 3207 nostris
943 3156 1136 3209 finibus
1174 3158 1479 3208 innocentes
1519 3156 1729 3223 occidit,
1781 3175 1902 3209 cum
1938 3156 2082 3210 nulla

220 3223 408 3275 fuisset
446 3225 494 3275 ei
533 3243 696 3276 causa
747 3225 1019 3291 bellorum,
1064 3227 1167 3276 nisi
1212 3226 1352 3296 quod
1404 3244 1582 3278 servos
1629 3226 1825 3280 habere
1870 3226 2083 3280 volebat

220 3291 355 3344 filios
394 3292 665 3345 hominum
702 3293 1005 3349 liberorum.
1081 3296 1253 3365 Saepe
1291 3297 1482 3365 ipsum,
1522 3314 1610 3347 sae
1654 3314 1680 3347 e
1714 3315 1807 3348 vos
1846 3296 2080 3365 singulos

223 3370 274 3414 et
310 3363 585 3415 universos
624 3364 934 3434 suppliciter
973 3366 1255 3431 oravimus,
1295 3375 1353 3419 ut
1389 3365 1567 3435 gladio
1598 3315 1839 3436 (ibposito
1867 3383 2077 3418 causam

215 3459 259 3507 a)
289 3475 322 3499 a.
353 3471 389 3500 et
415 3468 539 3499 desunt
570 3471 601 3500 1.
633 3464 686 3500 lb.
790 3468 827 3508 b)
854 3471 1080 3509 agnovimus
1109 3472 1140 3502 2.

2142 3421 2204 3765 mmmm-¹22
2148 3166 2189 3412 mx..
