2204 3765
147 218 252 251 1073.

124 1046 253 1078 Salust.

106 1096 176 1128 Cat.
194 1095 251 1127 20.

97 1189 174 1228 1119.
194 1189 249 1221 31.

108 1815 180 1848 Cat.
199 1816 256 1850 33.

89 3052 138 3096 *p
174 3055 254 3087 338.

276 75 329 113 16
756 75 952 115 BRUNO
984 74 1065 114 DE
1098 74 1292 114 BELLO
1328 73 1635 115 SAXONICO.

270 210 504 277 libidine,
532 212 773 280 quandoa
799 210 995 275 volunt,
1023 210 1334 274 abutuntur3
1360 218 1565 261 vestros
1591 228 1769 262 servos
1796 219 1847 262 et
1866 212 2113 277 iumenta,

274 281 527 350 quicquid
565 280 747 331 volunt
784 279 884 330 sibi
922 280 1118 330 servire
1155 279 1512 346 praecipiunt3
1551 279 1712 330 immo
1752 287 1803 330 et
1835 297 1930 330 vos
1968 280 2114 348 ipsos

271 351 326 399 in
363 349 542 401 liberis
580 349 812 399 humeris
845 348 1030 398 vestris
1059 345 1322 416 quaelibet
1349 364 1524 412 onera,
1562 346 1683 399 licet
1706 347 1875 411 foeda,
1903 356 2114 416 portare

274 417 608 486 compellunt..
684 418 791 468 Sed
840 416 1051 485 quando
1102 433 1163 467 ea
1209 434 1342 485 quae
1392 416 1570 466 futura
1617 424 1738 467 sunt
1781 425 1956 467 mente
1995 434 2116 467 con-

274 487 427 555 cipio,
478 488 578 538 ista
617 505 749 555 quae
788 504 925 535 nunc
966 485 1212 550 toleratis,
1272 484 1566 536 tolerabilia
1609 494 1755 553 puto.
1828 485 2116 555 Postquam

272 557 410 607 enim
462 573 557 606 sua
595 555 807 606 castella
844 573 937 622 per
973 562 1135 605 totam
1174 564 1366 605 terram
1402 562 1633 605 nostram
1671 571 1766 621 pro
1805 571 1900 604 sua
1936 553 2117 605 volun-

272 632 375 674 tate
415 625 781 688 construxerit,
820 633 871 674 et
908 641 970 675 ca
1007 622 1261 673 militibus
1299 624 1512 673 armatis
1551 631 1603 673 et
1637 623 1794 674 rebus
1832 623 2017 674 ceteris
2048 622 2117 674 ad

272 693 371 742 hoc
407 693 674 761 negotium
714 692 1098 761 pertinentibus
1124 691 1436 760 impleverit,
1475 701 1601 743 tunc
1626 709 1732 743 non
1759 690 1984 760 amplius
2010 692 2117 743 iam

272 761 410 812 bona
454 770 631 812 vestra
678 759 1031 830 particulatim
1079 760 1319 828 diripiet3
1371 761 1462 812 sed
1501 762 1744 812 universa
1781 778 1916 829 quae
1952 761 2118 829 possi-

272 829 405 880 detis
452 830 603 880 vobis
643 828 797 880 simul
834 831 906 881 eri
951 831 1037 893 iet,
1087 838 1137 881 et
1173 830 1472 882 hominibus
1510 830 1727 881 advenis
1763 837 1940 881 vestra
1976 828 2118 881 bona

271 898 512 965 largiens,
553 916 647 949 vos
686 900 845 967 ipsos,
883 848 1078 950 lilberos
1117 907 1168 949 et
1202 900 1478 965 ingenuos,
1516 900 1816 968 ignotorum
1843 899 2118 950 hominum

272 986 448 1020 servos
497 969 786 1036 praecipiet
833 986 961 1019 csse.
1037 968 1186 1031 Quae
1226 964 1402 1019 omnia
1438 968 1698 1037 numquid
1733 969 1788 1018 in
1824 968 1959 1019 vosb
2003 967 2120 1019 fieri

271 1037 559 1106 patiemini,
587 1037 855 1088 fortissimi
881 1036 1017 1087 viri?
1073 1037 1258 1089 Nonne
1286 1039 1449 1088 emori
1476 1056 1571 1105 per
1595 1039 1841 1088 virtutem
1869 1044 2120 1105 praestat,

272 1123 428 1174 quam
476 1107 639 1156 vitam
687 1108 934 1157 miseram
983 1115 1034 1157 et
1070 1106 1414 1170 inhonestam,
1463 1107 1555 1158 ubi
1592 1105 1799 1157 illorum
1839 1105 2120 1175 superbiae

270 1174 496 1226 ludibrio
547 1174 767 1240 fueritis,
815 1193 910 1243 per
955 1174 1186 1226 dedecus
1235 1175 1508 1227 amittere?
1583 1175 1732 1227 Servi
1782 1193 1902 1226 aere
1947 1175 2121 1243 parati

270 1245 463 1294 iniusta
499 1245 721 1312 imperia
757 1245 1091 1295 dominorum
1129 1262 1235 1295 non
1271 1244 1557 1312 perferunt,
1597 1252 1648 1295 et
1682 1262 1777 1295 vos
1803 1246 1855 1294 in
1879 1242 2121 1296 libertate

271 1315 407 1378 nati,
465 1331 634 1382 aequo
690 1314 865 1364 animo
923 1314 1228 1364 servitutem
1283 1312 1608 1365 tolerabitis?
1692 1314 1939 1364 Fortasse
1995 1313 2121 1382 quia

273 1381 541 1432 christiani
580 1383 720 1446 estis,
759 1391 1088 1432 sacramenta
1113 1383 1225 1449 regi
1251 1382 1390 1433 facta
1413 1381 1611 1432 violare
1636 1383 1847 1434 timetis.
1888 1381 2121 1452 Optime,

273 1450 364 1501 sed
404 1452 532 1517 regi,
596 1451 741 1500 Dum
781 1450 940 1501 michi
978 1469 1074 1501 rex
1111 1462 1236 1515 erat,
1275 1460 1325 1502 et
1363 1469 1424 1502 ea
1461 1469 1593 1519 quae
1633 1460 1755 1502 sunt
1789 1452 1929 1519 regis
1966 1451 2122 1503 facie-

271 1518 377 1583 bat,
417 1518 723 1571 fidelitatem
763 1537 920 1588 quam
959 1521 1006 1571 ei
1043 1521 1229 1585 iuravi,
1266 1521 1525 1588 integram
1564 1528 1616 1571 et
1651 1519 1980 1588 impollutam
2017 1539 2121 1572 ser-

271 1589 418 1653 vavi,
463 1599 745 1658 postquam
790 1608 914 1639 vero
964 1608 1059 1640 rex
1114 1607 1225 1640 esse
1274 1589 1526 1655 desivitc,
1575 1590 1659 1640 cui
1702 1589 1860 1641 fidem
1911 1607 2121 1642 servare

274 1656 536 1721 deberem,
586 1676 690 1708 non
741 1658 852 1711 fuit.
927 1659 1115 1726 Itaque
1160 1676 1267 1709 non
1319 1667 1501 1709 contra
1548 1677 1752 1727 regem,
1800 1658 1894 1710 sed
1939 1665 2123 1711 contra

273 1727 521 1777 iniustum
559 1745 707 1778 meae
744 1727 997 1778 libertatis
1037 1737 1357 1796 ereptorem3
1396 1746 1501 1778 non
1540 1736 1723 1779 contra
1747 1729 1988 1796 patriam,
2028 1727 2122 1780 sed

274 1813 370 1864 pro
408 1797 580 1864 patria
617 1805 667 1847 et
705 1814 799 1865 pro
837 1795 1078 1848 libertate
1115 1816 1247 1862 mea,
1289 1815 1446 1866 quam
1484 1815 1638 1848 nemo
1677 1798 1845 1849 bonus
1871 1798 1973 1848 nisi
1999 1815 2122 1848 cum

273 1865 450 1915 anima
488 1864 642 1915 simul
679 1866 884 1929 amittit,
932 1883 1080 1916 arma
1116 1867 1283 1934 capio,
1324 1875 1375 1918 et
1409 1874 1468 1917 ut
1503 1884 1597 1917 vos
1637 1885 1698 1918 ea
1736 1884 1945 1918 mecum
1982 1867 2122 1936 capi-

273 1936 372 1985 atis
421 1933 713 2002 expostulo.
786 1935 954 2002 Igitur
998 1936 1442 2004 expergiscimini,
1489 1944 1541 1986 et
1591 1934 1933 1987 hereditatem
1970 1936 2122 1988 vobis

273 2020 304 2052 a
340 2003 648 2072 parentibus
695 2004 883 2054 vestris
932 2004 1183 2070 relictam,
1227 2004 1405 2056 liberis
1442 2005 1634 2056 vestris
1671 2004 1976 2074 relinquite3
2024 2022 2123 2057 nec

272 2081 447 2123 vestra
497 2072 739 2124 socordia
787 2072 870 2124 vel
916 2073 1119 2124 desidia
1162 2092 1260 2125 vos
1307 2082 1358 2124 et
1406 2073 1601 2126 liberos
1648 2083 1853 2126 vestros
1904 2073 2120 2130 exulum

273 2139 545 2192 hominum
595 2160 772 2193 servos
820 2142 932 2193 fieri
978 2144 1282 2211 permittite.
1358 2142 1463 2195 Sed
1499 2162 1565 2194 ne
1605 2144 1850 2213 cuiquam
1888 2151 2121 2196 vestrum
2176 2147 2179 2149 ’

275 2228 434 2261 causa
470 2229 576 2261 non
603 2213 728 2262 satis
753 2211 1038 2263 vehemens
1064 2212 1321 2278 videatur,
1362 2230 1466 2281 qua
1491 2213 1743 2266 adversus
1768 2231 1949 2281 regem
1974 2229 2122 2263 arma

274 2280 559 2348 capiamus,
598 2282 884 2349 praecipue
920 2299 1032 2347 nos,
1072 2283 1161 2350 qui
1198 2282 1264 2333 ab
1303 2282 1523 2333 infantia
1560 2300 1677 2333 eum
1703 2283 1921 2333 interra
1944 2290 2124 2334 nostra

273 2350 504 2399 maxime
550 2350 867 2401 nutrivimus
913 2358 962 2402 et
1008 2351 1056 2401 ei
1095 2369 1222 2420 prae
1261 2353 1448 2403 ceteris
1486 2351 1732 2418 gentibus
1771 2369 1896 2403 suae
1935 2350 2122 2403 ditioni

273 2416 519 2468 subiectis
557 2418 735 2469 fideles
773 2420 941 2487 magis
971 2421 1293 2484 extitimus1,
1331 2422 1694 2490 unusquisque
1721 2438 1857 2486 suas,
1897 2439 2028 2490 quas
2052 2420 2120 2472 ab

273 2505 333 2538 eo
370 2505 555 2554 passus
583 2496 660 2538 est
684 2489 917 2553 iniurias,
957 2506 1133 2539 coram
1162 2491 1403 2541 omnibus
1430 2490 1579 2541 vobis
1607 2497 1864 2559 exponat3
1904 2498 1955 2542 et
1979 2497 2120 2556 tunc,

271 2563 447 2606 utrum
495 2558 621 2607 satis
669 2574 861 2625 magna
907 2559 1192 2609 necessitas
1248 2576 1343 2609 nos
1391 2559 1460 2610 ad
1514 2560 1733 2610 iniurias
1788 2557 2120 2628 repellendas

273 2636 442 2693 cogat,
482 2626 735 2676 iudicium
775 2645 1054 2678 commune
1093 2628 1372 2679 decernat'.

412 2696 493 2746 26.
567 2695 710 2763 Ergo
745 2695 1090 2747 &Verinherus
1126 2696 1634 2765 Magedaburgensis
1673 2697 2120 2765 archiepiscopus,

275 2764 540 2814 civitatem
593 2782 743 2816 suam
780 2765 861 2816 bis
899 2784 930 2816 a
967 2784 1092 2834 rege
1131 2765 1380 2818 caedibus
1419 2774 1470 2817 et
1505 2766 1939 2834 praedationibus
1975 2766 2121 2818 inva-

276 2850 386 2882 sam
438 2832 672 2899 dicebat,
722 2842 770 2885 et
806 2842 1080 2902 praeterea
1117 2853 1421 2886 communes
1459 2836 1673 2886 iniurias
1711 2854 1766 2886 se
1803 2853 1910 2886 non
1947 2836 2120 2886 minus

276 2900 451 2951 dolere
492 2920 650 2970 quam
689 2921 808 2954 suas
847 2904 1129 2969 asserebat,
1169 2913 1221 2956 et
1257 2905 1346 2970 eis,
1385 2905 1536 2972 quasi
1563 2903 1702 2955 solus
1729 2922 1910 2956 omnes
1936 2903 2122 2956 fuisset

274 2988 480 3037 passus,
519 2972 854 3023 obviaturum
893 2991 947 3023 se
985 2973 1337 3041 promittebat.
1401 2973 1738 3024 Burehardus
1763 2973 1973 3042 praesul
1997 2972 2122 3024 Hal-

280 3040 614 3090 berstatensis
666 3042 996 3109 querebatur,
1037 3043 1161 3111 quia
1197 3041 1415 3110 praedia
1453 3043 1757 3094 *cuiusdam
1794 3042 1984 3094 nohilis
2021 3043 2122 3094 viri

276 3186 311 3227 a)
340 3189 390 3218 ica
421 3184 482 3227 1¹¹;
510 3197 623 3228 quam
651 3188 714 3219 diu
745 3190 775 3219 1.
878 3190 915 3231 b)
946 3200 980 3221 n.
1009 3191 1117 3222 vivos
1148 3193 1179 3223 1.
1282 3190 1314 3231 e)
1346 3192 1486 3223 desinit
1516 3194 1545 3225 1.

279 3296 323 3347 1)
356 3296 551 3336 Primam
584 3296 810 3338 ,samonum
854 3305 1005 3338 contra
1047 3312 1188 3352 regem
1221 3299 1562 3341 coniurationem
1593 3300 1681 3343 iam
1714 3316 1756 3343 a.
1794 3303 1923 3342 1057.
1945 3303 2120 3354 factam

275 3370 378 3406 esse,
413 3357 670 3398 Lambercus
704 3365 857 3398 auctor
890 3366 964 3399 est.
1027 3358 1082 3399 W.
