2204 3765
558 95 760 136 BRUNO
794 96 876 135 DE
909 94 1107 135 BELLO
1142 94 1454 138 SAXONICO.
1848 105 1928 143 vll

92 233 386 283 censendus
424 235 508 284 sit.
581 233 721 285 Sunt
768 234 905 285 enim
956 233 1058 284 loci
1101 232 1366 297 nonnulli,
1417 235 1608 302 quibus
1658 239 1931 306 utriusque

5 351 9 353 .
91 302 379 368 scriptores
416 302 555 354 idem
583 302 893 354 vocabulum
935 302 1138 353 diverse
1175 301 1494 352 <intelleoeisse
1531 312 1575 354 et
1614 310 1931 371 eoepressisse

78 377 250 437 patet,
289 389 329 420 e.
367 390 418 440 9.
457 391 575 440 cap.
614 373 698 436 40,
738 372 829 422 ubi
863 371 1167 438 Lipsiensis
1203 371 1351 422 lectio
1389 389 1568 438 ymmo
1607 392 1671 423 σου.
1709 375 1927 444 fllayde-

89 439 347 507 burgensi
399 440 561 492 nimio
617 440 956 491 emendanda
1011 447 1140 490 erat.
1243 439 1414 498 Quum
1474 451 1646 492 autem
1703 444 1815 493 alia
1874 448 1927 495 in

89 515 311 576 utroque
358 510 529 561 eodem
581 510 733 561 modo
762 516 1070 577 peccentur,
1122 528 1162 558 e.
1201 528 1250 577 9.
1291 528 1410 576 cap.
1449 510 1531 575 513,
1585 512 1671 561 ubi
1718 520 1930 581 *uterquc

88 594 153 626 ea:
172 576 332 644 fonte
369 580 481 630 iam
519 586 770 647 corrupto
798 577 1076 628 Elelciberti
1111 579 1442 629 marchionis
1482 598 1666 631 nomen
1695 580 1929 632 Erriber-

86 653 197 697 turn
235 645 395 714 effert,
433 648 827 717 'qratulandum
865 654 954 710 est,
1001 646 1141 713 quod
1177 649 1235 698 in
1276 655 1415 698 teaetu
1463 651 1786 701 restituendo
1835 671 1930 719 ope

225 718 285 780 2)
324 716 647 768 Annalistae
675 716 918 768 Saoeonis
945 718 1025 766 uti
1049 714 1182 766 licet.
1261 715 1367 774 Qui
1394 720 1559 768 (mnis
1593 720 1930 771 1067—1082

1241 786 1263 794 -r

74 782 326 851 plurima
374 804 439 836 ex
488 787 769 837 Brunonis
817 785 1087 853 capitibus
1141 786 1185 834 1.
1238 797 1286 836 O.
1341 787 1417 838 16.
1472 787 1656 838 2—15.
1713 789 1930 841 17—31.

84 852 168 906 32.
218 852 300 904 31.
352 854 573 906 33—47.
624 854 708 904 52.
754 854 977 906 47-51.
1021 852 1242 906 53—56.
1297 856 1378 906 64.
1434 856 1514 906 57.
1571 857 1651 907 58.
1708 858 1927 910 (jo—63.

84 922 303 975 65—68.
345 923 566 975 70—74.
606 923 828 975 82—88.
868 924 948 974 75.
990 923 1069 975 74.
1110 924 1329 977 76-78.
1370 925 1450 975 80.
1492 926 1571 975 79.
1599 927 1680 976 81.
1707 927 1928 979 89-97.

84 991 341 1043 99-101.
381 992 462 1044 96.
504 993 792 1046 101--103,
835 993 914 1044 76.
955 993 1036 1043 77.
1067 993 1464 1045 104-—116.{›s.
1497 997 1780 1046 117-123.
1814 998 1926 1048 122.

86 1059 355 1113 123--131
408 1064 724 1116 narrationi
765 1065 1024 1128 inserens,
1073 1063 1271 1114 codicis
1309 1063 1509 1114 saeculi
1545 1066 1635 1115 XI.
1677 1074 1768 1115 aut
1806 1067 1929 1118 XII.

83 1149 184 1199 quo
223 1149 352 1182 usus
391 1140 479 1196 est,
517 1131 786 1184 lectionem
824 1133 975 1183 hand
1010 1151 1138 1183 raro
1177 1135 1442 1199 optimam,
1487 1153 1689 1185 necnon
1731 1144 1775 1184 et
1814 1156 1924 1188 sen-

81 1202 277 1251 tentias
315 1201 532 1270 aliquas
577 1221 713 1271 quae
762 1204 820 1253 in
873 1202 1145 1253 codicibus
1201 1204 1244 1252 1.
1283 1209 1329 1252 et
1368 1201 1450 1252 lb.
1501 1207 1766 1256 communi
1796 1206 1927 1272 fato

80 1271 410 1336 exciderunt,
465 1273 714 1322 servavit.
812 1269 1056 1330 Quarum
1112 1279 1286 1322 tamen
1344 1275 1566 1324 nonnisi
1618 1291 1736 1338 eas,
1793 1294 1926 1342 quas

82 1347 263 1408 aperte
300 1359 484 1392 sensus
522 1341 825 1409 requirebat
861 1360 1056 1409 quasve
1093 1343 1308 1392 minime
1346 1361 1411 1392 eoe
1450 1341 1576 1393 aliis
1602 1343 1927 1395 Annalistae

62 1408 333 1477 fontibus,
387 1411 710 1462 Eklsebardo
758 1413 1059 1479 praecipue
1127 1411 1479 1480 Uraugliensi,
1538 1414 1691 1463 cuius
1738 1432 1924 1480 pauca

79 1497 471 1548 nonnunquam
522 1481 681 1532 verba
730 1483 896 1531 teoetui
950 1481 1131 1548 infert,
1190 1480 1464 1531 derivatas
1519 1482 1810 1547 constabat,
1864 1485 1920 1534 in

76 1555 219 1599 teaetu
259 1551 451 1617 recepi.
568 1551 674 1601 ''sus
711 1569 827 1601 sum
865 1551 1041 1602 codice
1067 1550 1390 1601 Annalistae
1429 1551 1747 1615 authentico,
1786 1555 1927 1602 inter

76 1617 240 1669 libros
290 1619 628 1671 bibliothecae
675 1621 859 1689 regiae
909 1620 1236 1670 Parisiensis
1286 1638 1349 1670 ea:
1399 1621 1643 1671 coenobio
1696 1621 1751 1672 S.
1793 1620 1921 1673 Ger-

77 1690 230 1739 mani
293 1689 608 1757 adportatos
682 1708 899 1740 numero
960 1689 1078 1740 440.
1147 1690 1392 1757 siqnato,
1463 1692 1616 1740 cuius
1676 1689 1922 1742 lectiones

87 1757 345 1809 IVaitz‘ius
382 1767 560 1809 noster
597 1760 846 1809 enotavit.

214 1826 275 1892 3)
314 1828 376 1878 In
406 1835 550 1879 teoetu
576 1828 925 1896 epistolarum
965 1826 1221 1896 Greyorii
1247 1827 1358 1877 VII.
1391 1846 1577 1895 papae
1613 1836 1657 1878 et
1684 1827 1918 1879 aliarum

75 1898 417 1962 restituendo,
458 1898 530 1948 ad
566 1898 874 1966 Heyistrum
919 1896 1172 1966 Greyorii
1223 1905 1267 1947 et
1304 1895 1469 1948 Pauli
1506 1898 1921 1949 Bernriedensis

74 1967 239 2017 vitam
280 1965 532 2036 Greyorii
581 1967 692 2019 VII.
739 1969 965 2032 recurri,
1016 1975 1062 2016 et
1111 1985 1175 2018 eoe
1212 1967 1389 2018 codice
1431 1967 1730 2018 Trevirensi
1753 1968 1916 2033 finem

74 2036 329 2105 epistolae
369 2038 441 2088 ad
477 2036 776 2105 Rodulfum
812 2056 985 2106 reyem
1022 2038 1258 2105 scriptae
1295 2036 1510 2088 subieci.

219 2104 427 2166 Quibus
474 2107 733 2158 subsidiis
788 2108 868 2157 ita
914 2125 1045 2157 usus
1094 2125 1227 2171 sum,
1284 2114 1340 2156 ‘ut
1386 2106 1615 2157 codicem
1665 2106 1708 2171 1,
1765 2108 1920 2157 cuius

74 2177 233 2243 copia
269 2178 405 2228 milii
443 2197 475 2227 a
515 2179 651 2229 viris
688 2177 1008 2228 doctissimis
1058 2185 1103 2225 et
1141 2176 1202 2227 de
1239 2194 1294 2225 re
1331 2184 1517 2226 nostra
1556 2176 1679 2226 bene
1715 2177 1921 2227 meritis

72 2245 201 2297 DD.
239 2246 466 2297 Ernesto
519 2245 583 2297 G.
622 2245 894 2313 Gersdorf
938 2245 1277 2297 bibliothecae
1327 2247 1693 2297 universitatis
1740 2245 1921 2312 Lipsi-

73 2318 216 2367 ensis
256 2315 551 2384 praefecto,
599 2324 644 2368 et
682 2315 920 2367 Gustavo
961 2315 1168 2366 Haenel
1211 2315 1445 2366 eiusdem
1483 2314 1710 2380 custode,
1757 2313 1918 2366 liben⁴

73 2387 272 2437 tissime
294 2385 460 2453 facta
492 2394 581 2451 est,
603 2385 967 2454 fundamenti
1001 2385 1112 2437 loco
1142 2403 1412 2453 ponerem,
1451 2392 1498 2434 et
1535 2404 1650 2435 cum
1689 2387 1748 2436 in
1787 2385 1918 2435 scri-

71 2454 258 2506 bendis
309 2455 613 2507 nominibus
652 2457 906 2524 propr-iis
955 2463 1063 2506 tum
1115 2455 1240 2506 aliis
1289 2456 1348 2506 in
1398 2453 1527 2506 locis
1573 2454 1666 2504 ubi
1714 2472 1918 2505 necesse

72 2531 203 2589 erat,
241 2525 583 2594 reliquorum,
612 2527 918 2594 praecipue
955 2524 1280 2575 Annalistae
1319 2523 1559 2576 Saoeonis
1598 2541 1709 2590 ope,
1749 2525 1914 2574 corri-

67 2612 273 2665 9erem,·
325 2597 563 2663 capitum
600 2596 866 2646 divisione
905 2595 1221 2645 auctoritate
1259 2594 1458 2644 codicis
1496 2592 1796 2660 Lipsiensis
1831 2594 1916 2643 in-

64 2666 267 2716 stituta.

208 2734 497 2787 Prodierat
521 2734 714 2785 Bruno
737 2735 975 2802 primum
1003 2751 1147 2784 anno
1183 2730 1331 2784 1600.
1371 2731 1549 2783 edente
1575 2731 1915 2800 Marquardo

67 2804 315 2870 Freliero,
360 2807 502 2857 inter
540 2803 641 2857 SS.
684 2802 856 2856 Germ.
898 2804 951 2854 T.
992 2803 1034 2868 I,
1071 2799 1341 2867 99—-153,·
1389 2808 1560 2852 teoetus
1607 2808 1681 2851 est
1717 2801 1918 2852 codicis

68 2873 390 2943 Lipsiensis,
445 2876 537 2926 sed
583 2892 743 2943 saepe
800 2874 948 2925 lia-ud
997 2872 1122 2923 bene
1171 2871 1448 2935 enodatus,
1497 2878 1542 2921 et
1587 2873 1806 2938 saepius
1853 2888 1919 2921 eoe

0 2951 1 2974 ³
69 2945 320 2997 chronico
392 2944 885 3014 Maydeburyensil
967 2949 1062 2993 aut
1131 2959 1197 2992 em
1267 2942 1575 2992 coniectura
1638 2938 1921 3008 probabili

69 3023 350 3067 correctus.
429 3012 552 3074 Qua
590 3015 821 3066 editione
861 3032 911 3063 a.
952 3012 1101 3062 1717.
1138 3012 1381 3078 repetita,
1418 3010 1745 3061 Burcardus
1776 3008 1915 3060 Gott-

67 3084 255 3151 lzelflus
293 3083 549 3136 Struvius
597 3084 715 3135 loca
752 3080 1018 3134 nonnulla
1057 3081 1296 3132 adhibito
1341 3082 1532 3130 iterum
1570 3079 1745 3130 codice
1782 3079 1912 3146 Lip-

68 3154 236 3207 siensi
272 3155 585 3218 emendavit,
638 3152 753 3204 alia
789 3160 965 3204 tamen
1003 3151 1267 3202 vitiavit2.
1347 3147 1589 3209 Quarum
1639 3167 1756 3200 cum
1803 3149 1912 3198 edi-

68 3303 115 3357 1)
149 3302 216 3359 Cf.
252 3319 287 3347 e.
317 3320 359 3359 9.
394 3319 491 3358 cap.
522 3305 594 3346 65.
626 3304 672 3345 in
694 3304 787 3357 fine
817 3305 919 3343 ‘non
943 3298 1214 3350 iuramento'‚
1248 3314 1344 3353 cap.
1369 3300 1441 3341 40.
1465 3313 1505 3340 v.
1527 3297 1662 3352 infra.
1769 3296 1815 3348 2)
1839 3296 1911 3335 Ita

65 3379 162 3419 cap.
194 3367 268 3407 40.
301 3367 348 3406 in
382 3365 753 3420 Maydeburyensi
778 3369 911 3417 prato
959 3376 1104 3404 cervos
1143 3367 1391 3416 pugnantes
1424 3358 1609 3400 codicem
1640 3356 1910 3411 Lipsiensem

64 3433 234 3468 secutus
265 3426 453 3480 scripsit,
487 3440 619 3479 quum
650 3426 740 3465 iam
772 3424 990 3466 Freherus
1024 3436 1076 3464 ex
1109 3422 1254 3463 cleron.
1282 3420 1648 3475 Maydeburyensi
1677 3425 1787 3459 recte
1818 3431 1908 3457 cor·

61 3499 137 3528 vos
169 3486 422 3541 scripsisset,
456 3486 716 3528 Annalistae
748 3499 914 3539 quoque
946 3482 1118 3526 ,saxoni
1140 3483 1391 3536 probatum.
