2204 3765
513 88 712 128 BRUNO
746 89 826 128 DE
861 90 1059 131 BELLO
1094 91 1405 133 SAXONICO.
1813 101 1866 138 29

33 225 389 290 rennuebant,
436 223 558 293 quia
605 223 796 276 nullius
851 244 971 277 eum
1026 229 1236 296 pietatis
1290 248 1403 281 esse
1458 249 1614 299 saepe
1671 238 1992 301 expertiwn„

35 296 258 348 fuerant.

174 365 259 416 44.
330 363 486 414 Anno
523 362 685 429 igitur
722 369 774 412 et
809 363 1032 431 amplius
1070 375 1349 434 postquam
1401 367 1463 418 de
1504 368 1734 418 Saxonia
1780 388 1996 421 rexxozs„

31 433 167 486 abiit
202 431 427 497 evoluto,
466 448 584 481 cum
620 448 716 480 rex
753 441 893 482 esset
926 433 1246 501 Mag-untiae,
1284 436 1336 485 in
1374 436 1665 487 dominicae
1709 456 1873 489 resur-

34 502 281 554 rectionis
317 502 448 552 festo
476 502 752 552 Saxonum
788 502 999 551 nuntius
1037 501 1157 553 illuc
1199 522 1317 553 cum
1344 504 1527 555 litteris
1554 507 1709 569 venit,
1743 526 1872 558 suas
1891 527 1977 562 Apr.
2006 526 2038 556 5.

34 571 214 623 Udoni
238 570 551 622 Treverensi
576 568 994 638 archiepiscopo,
1030 573 1119 640 qui
1139 574 1323 622 missas
1350 592 1409 624 eo
1448 573 1531 624 dic
1562 528 1873 641 cclebralbat,

0 646 156 692 ‘cum
194 649 337 692 stans
374 641 429 690 in
465 638 668 709 pulpito
706 637 901 689 faceret
938 640 1134 707 populo
1183 659 1474 693 sermonem
1526 647 1775 711 porrexit.
1822 657 1874 697 ct

33 717 94 761 ut
129 727 217 762 eas
256 710 399 760 omni
434 707 633 778 populo
671 709 917 759 recitaret
955 717 1005 759 et
1041 720 1341 778 exponeret,
1382 731 1447 762 ex
1486 715 1714 763 omnium
1762 705 1872 781 per-

32 796 163 830 sona
200 778 474 830 Saxonum
511 796 606 846 pro
645 777 750 827 Dei
787 793 964 828 amore
1004 780 1221 845 rogavit.
1296 780 1451 844 Quod
1490 800 1608 832 cum
1644 800 1736 832 rex
1765 784 1875 835 ficri

30 848 361 918 prohiberet,
407 850 621 898 nuntius
669 848 781 915 ipse
830 845 1119 897 litterarum
1171 867 1380 900 sensum
1437 859 1625 901 cuncto
1681 852 1874 920 populo

31 918 182 972 brevi
218 935 456 970 sermone
491 916 714 968 fidenter
752 918 1017 984 exposuit,
1068 926 1118 968 et
1156 936 1335 969 omnes
1382 921 1469 987 qui
1511 921 1682 971 Deum
1730 924 1876 972 time-

30 994 176 1054 rent,
225 1006 292 1039 ne
339 987 628 1039 Saxoniam
674 987 983 1055 priusquam
1034 986 1098 1037 de
1149 986 1322 1056 aliquo
1371 989 1586 1039 crimine
1636 992 1878 1042 convicta

30 1056 233 1124 fuisset,
259 1057 418 1107 armis
444 1055 693 1107 invadere
720 1054 926 1116 vellent,
953 1056 1130 1107 Verbis
1159 1058 1389 1106 omnium
1412 1056 1678 1108 Saxonum
1704 1070 1877 1127 postu-

31 1125 176 1178 lavit.
252 1126 358 1178 Sed
408 1126 520 1176 dux
559 1125 855 1177 Suevorum
902 1124 1182 1190 Rodulfus,
1232 1126 1456 1177 foederis
1502 1144 1532 1176 a
1579 1128 1878 1180 Saxonibus

30 1213 156 1247 cum
192 1214 319 1265 rege
357 1195 532 1247 subito
572 1195 852 1264 compositi
888 1212 994 1245 non
1033 1194 1242 1260 oblitus,
1289 1213 1467 1263 regem
1505 1206 1759 1264 quatenus
1805 1199 1878 1248 in-

31 1266 225 1317 iuriam
263 1283 383 1316 cum
422 1266 538 1316 Deo
576 1274 687 1316 tum
721 1264 823 1316 sibi
850 1265 1062 1333 suisque
1100 1264 1428 1333 principibus
1466 1267 1723 1317 universis
1762 1285 1879 1317 con-

33 1334 308 1388 tumeliose
344 1335 539 1386 factam
576 1352 680 1385 non
728 1335 840 1386 sine
884 1334 1118 1385 vindicta
1167 1333 1452 1386 dimitteret
1499 1336 1781 1403 instigavit,
1830 1345 1881 1388 ct

32 1405 84 1457 ei
120 1422 177 1456 se
215 1423 335 1456 cum
373 1413 483 1457 tota
518 1404 711 1456 virtute
749 1421 908 1474 quam
957 1412 1138 1472 posset
1173 1403 1366 1456 habere
1405 1405 1658 1472 promisit.
1732 1405 1880 1456 Idem

34 1475 196 1526 ceteri
231 1475 498 1544 principes
535 1475 770 1525 universi
806 1473 1055 1538 fecerunt,
1093 1473 1254 1543 aliqui
1294 1474 1505 1543 quidem
1543 1474 1717 1525 multis
1765 1493 1878 1543 pro-

35 1543 374 1595 missionibus
411 1543 600 1610 allecti,
638 1543 814 1613 plures
853 1551 1030 1594 autem
1075 1545 1279 1595 vicinae
1326 1544 1507 1595 mortis
1554 1545 1877 1611 necessitate,

34 1632 196 1684 quam
232 1615 401 1665 vitare
437 1632 544 1665 non
581 1622 838 1682 poterant,
877 1613 1110 1664 adducti.

175 1685 259 1736 45.
334 1683 493 1749 Quod
529 1683 622 1734 ubi
660 1681 963 1734 Saxonibus
1002 1691 1079 1734 est
1115 1681 1380 1748 auditum,
1425 1692 1548 1734 tunc
1585 1685 1879 1752 frequentes

36 1753 151 1822 regi
189 1755 498 1823 cunctisque
534 1752 848 1821 primatibus
895 1752 1183 1821 legationes
1231 1755 1498 1816 miserunt,
1547 1751 1880 1804 obsecrantes

36 1831 97 1875 ut
132 1841 187 1875 se
227 1842 347 1874 cum
382 1823 519 1874 ferro
545 1821 744 1873 nollent
768 1824 1074 1874 innocentes
1100 1823 1372 1888 invadere:
1412 1822 1534 1891 quia
1561 1823 1604 1872 si
1630 1823 1682 1871 in
1708 1821 1881 1891 aliquo

35 1893 115 1944 rei
169 1894 460 1945 maiestatis
513 1893 692 1960 regiae
742 1892 1166 1958 ostenderentur,
1214 1892 1282 1942 ad
1328 1893 1563 1960 ipsorum
1611 1892 1882 1943 arbitrium

35 1964 210 2032 parati
247 1971 421 2015 essent
463 1981 660 2033 poenas
711 1962 849 2013 dare.
932 1962 1084 2014 Tunc
1129 1981 1224 2013 rex
1270 1962 1668 2030 archiepiscopo
1707 1962 1882 2029 Mage-

14 2033 361 2102 ·daburgensi
410 2051 532 2083 cum
580 2031 896 2101 quibusdam
950 2031 1064 2083 aliis
1120 2050 1267 2083 suam
1320 2033 1543 2100 gratiam
1597 2030 1879 2097 mandavit,

37 2102 247 2172 sibique
284 2121 316 2153 a
352 2105 461 2154 suis
498 2103 684 2153 amicis
722 2120 836 2153 esse
875 2100 1188 2167 consultum,
1227 2120 1293 2153 ne
1329 2110 1491 2152 totam
1524 2108 1732 2168 gentem
1772 2102 1881 2153 sine

41 2171 197 2242 culpa
223 2171 419 2225 deleret
443 2173 695 2238 innotuit,
735 2190 961 2242 quorum
988 2171 1262 2223 consilium
1287 2190 1341 2222 se
1367 2169 1500 2222 velle
1528 2170 1660 2221 dixit
1685 2170 1880 2234 audire,

38 2243 87 2294 si
120 2243 209 2293 isti
244 2241 439 2294 vellent
475 2261 507 2293 a
545 2244 653 2294 suis
685 2243 915 2293 inimicis
951 2242 1223 2294 discedere
1250 2239 1491 2310 sibiquea
1516 2239 1880 2290 Burchardum

37 2311 527 2364 Halberstatensem
578 2313 914 2381 episcopum,
967 2312 1216 2364 Ottonem
1263 2310 1478 2375 ducem,
1528 2309 2047 2361 Fride1·icum**12-345·

39 2383 366 2451 praefectum
402 2381 637 2452 palatiil,
677 2401 798 2433 cum
837 2383 1023 2434 ceteris
1063 2400 1193 2451 quos
1231 2379 1403 2432 adhuc
1452 2387 1738 2449 quaereret,
1786 2388 1884 2428 tra-

38 2452 240 2504 derent.
304 2452 405 2505 Cui
429 2453 680 2521 legationi
706 2470 829 2503 cum
855 2470 1116 2503 consensu
1153 2453 1389 2519 ipsorum
1421 2451 1510 2518 qui
1536 2448 1885 2517 poscebantur

41 2530 123 2574 est
165 2540 504 2592 responsum,
550 2530 608 2572 ut
654 2522 759 2590 ipsi
808 2523 856 2573 ei
903 2522 1000 2573 hac
1053 2521 1361 2572 condicione
1409 2527 1879 2587 praesentarentur,

41 2599 301 2661 quatenus
341 2592 437 2643 sub
475 2601 819 2661 utrorumque
858 2594 1159 2661 principum
1197 2589 1395 2641 iudicio
1435 2597 1643 2651 starent,
1694 2596 1747 2638 ut
1792 2604 1880 2636 cos

39 2661 249 2714 illorum
288 2663 546 2715 sententia
583 2661 667 2713 vel
705 2662 973 2713 convictos
1014 2662 1299 2723 damnaret,
1346 2657 1428 2708 vel
1465 2658 1708 2708 innoxios
1746 2657 1881 2722 regis

39 2732 243 2801 gratiae
280 2751 401 2784 cum
437 2740 547 2784 tota
587 2732 860 2783 Saxonum
899 2740 1054 2800 gente
1100 2727 1479 2781 reconciliaret.
1564 2726 1667 2777 Sed
1706 2725 1881 2775 Wille-

40 2801 248 2854 halmus
283 2822 381 2854 rex
418 2803 717 2870 agnomine,
756 2810 806 2852 et
832 2801 1132 2854 Fridericus
1172 2799 1235 2850 de
1269 2799 1463 2862 Monte,
1502 2814 1622 2847 cum
1648 2794 1884 2846 viderent

40 2881 222 2941 aperte
267 2874 374 2924 iam
420 2871 620 2923 bellum
667 2873 933 2940 coepisse,
986 2869 1302 2921 sacramenti
1351 2865 1491 2936 quod
1538 2884 1656 2916 cum
1695 2864 1880 2915 ceteris

43 2941 349 2995 Saxonibus
374 2942 608 2993 fecerant
635 2941 801 3006 obliti,
827 2941 1216 3008 multarumque
1243 2936 1598 2989 calamitatum
1626 2952 1753 3003 quas
1780 2934 1879 3002 ipsi

41 3010 248 3063 fuerant
282 3013 440 3081 passi,
477 3030 683 3063 necnon
723 3011 866 3081 quod
902 3010 1007 3079 ipsi
1044 3027 1205 3060 causa
1239 3004 1545 3076 principalis
1579 3012 1725 3055 erant
1760 3003 1883 3053 inci-

42 3082 227 3150 piendi
261 3081 403 3148 belli,
440 3083 668 3150 patriam
704 3080 938 3131 infideles
977 3080 1333 3141 deseruerunt,
1378 3083 1429 3126 et
1464 3072 1779 3124 infideliores
1818 3071 1884 3121 ad

43 3152 252 3205 hostem
288 3153 490 3222 patriae
516 3169 697 3220 regem
733 3160 892 3202 noctu
916 3148 1322 3216 transfugerunt.
1396 3143 1531 3195 Nam
1569 3150 1752 3212 postea
1789 3159 1883 3191 nec

47 3285 87 3329 a)
116 3288 187 3319 sibi
217 3291 249 3321 1.

52 3397 99 3452 1)
132 3397 160 3439 i.
196 3412 232 3440 e.
265 3398 456 3440 comitem
483 3397 735 3450 palatinum
767 3393 1005 3436 Saxoniae.
1069 3391 1120 3433 P.
