2204 3765
123 246 230 278 1080.

161 294 218 326 Oet

164 3261 246 3293 Dec.

174 317 231 374 151

253 103 308 142 96
736 101 933 141 BRUNO
966 100 1046 139 DE
1078 98 1273 139 BELLO
1309 99 1616 141 SAXONICO.

248 241 350 291 nisi
387 241 472 291 cui
512 240 734 308 contigit
770 239 898 289 haec
940 238 1115 288 omnia
1139 237 1255 288 loca
1280 236 1699 306 praesentialiter
1722 238 1917 290 videre.
1977 237 2101 290 Flu-

248 311 364 360 vius
403 310 539 361 enim
578 308 705 359 tales
756 326 822 358 ex
867 314 1088 375 utraque
1126 315 1275 374 parte
1312 309 1454 375 ripas
1491 306 1664 372 babet,
1713 315 1772 358 ut
1814 309 1899 358 hic
1943 326 2099 359 nemo

249 380 349 430 nisi
389 378 580 430 cadens
618 377 783 446 possit
820 377 1027 439 intrare,
1066 374 1171 426 illie
1211 394 1363 427 nemo
1400 377 1502 426 nisi
1537 377 1771 427 frutectis
1808 376 1889 428 vel
1926 377 2100 429 herbis

250 449 472 517 arreptis
510 465 696 514 repens
736 446 904 515 possit
942 446 1103 496 exire.
1177 443 1330 495 Multi
1354 446 1616 513 fugientes
1651 463 1771 496 cum
1796 444 1911 495 hica
1948 447 2105 515 proni

250 518 471 568 fiuvium
499 517 749 567 velociter
780 514 1084 580 inciderent,
1124 524 1175 566 et
1211 513 1316 565 illic
1355 514 1419 565 de
1457 515 1624 566 dorsis
1663 532 1920 583 equorum
1955 516 2102 585 ripae

250 586 519 650 insilirent,
559 583 732 654 gladio
770 585 939 653 ripam
979 583 1284 649 caedebant,
1323 594 1381 635 ut
1419 603 1581 654 equos
1618 594 1740 652 post
1771 603 1825 635 se
1852 583 1916 635 de
1940 583 2102 636 fluvio

252 655 599 719 extraherent,
656 654 973 722 tandemque
1031 653 1297 705 caedendo
1353 654 1572 722 fatigati,
1636 654 1783 723 equis
1841 652 2103 704 derelictis

251 727 513 792 armisque
560 724 811 792 proiectis
858 724 1038 791 fugam
1076 722 1268 791 trepidi
1307 725 1688 793 corripuerunt.
1761 723 1906 790 Ergo
1957 723 2102 792 quic-

253 795 379 864 quid
407 793 674 846 Unstrodb
713 791 803 843 ubi
840 793 964 843 victi
1004 811 1182 843 sumus
1221 793 1275 842 in
1312 810 1407 843 nos
1436 794 1695 861 peccavit,
1735 792 1972 844 Elsterac
2008 809 2104 861 pro

251 866 401 915 nobis
452 862 732 932 dupliciter
781 862 1084 912 vindicavit.
1169 861 1280 913 Illic
1330 863 1468 912 enim
1515 871 1717 914 tantum
1765 871 1972 914 nostras
2020 880 2105 913 res

251 934 514 1002 fugientes
561 933 848 996 amisimus,
900 933 1016 982 istic
1067 939 1117 982 et
1164 930 1376 983 hostiles
1417 941 1467 984 et
1503 940 1724 996 nostras,
1775 949 1905 1001 quas
1952 931 2106 984 nobis

251 1002 553 1072 praedando
581 1001 807 1054 tulerant
843 1001 1105 1069 fugientes
1144 1001 1335 1065 hostes,
1373 1001 1695 1070 fugientibus
1734 1009 1784 1052 et
1818 1001 2107 1053 interfectis

252 1071 580 1125 abstulimus,
653 1072 717 1122 In
754 1071 879 1139 fuga
919 1089 1043 1121 vero
1085 1089 1240 1141 quam
1279 1071 1491 1139 plurimi
1529 1072 1687 1123 fortes
1714 1071 1812 1121 viri
1841 1089 1873 1121 a
1897 1070 2107 1122 rusticis

254 1143 528 1194 securibus
568 1149 617 1193 et
653 1141 879 1193 fustibus
919 1141 1092 1205 occisi,
1138 1140 1287 1192 multi
1324 1140 1524 1193 nobiles
1565 1150 1617 1192 et
1653 1140 1880 1192 illustres
1921 1147 2042 1191 sunt
2077 1159 2110 1191 a

253 1214 491 1282 personis
518 1211 710 1262 vilibus
751 1211 906 1279 capti,
945 1209 1093 1261 multi
1118 1210 1256 1262 fame
1284 1210 1646 1262 erudelissima
1673 1211 1904 1276 cruciati,
1942 1227 2107 1278 equos

252 1282 334 1334 vel
384 1281 586 1350 gladios
637 1299 731 1349 pro
782 1280 946 1330 frusto
998 1281 1148 1347 panis
1203 1280 1325 1330 dare
1374 1298 1477 1330 non
1523 1280 1863 1346 dubitabant,
1918 1297 2017 1330 nec
2066 1279 2110 1330 si

253 1371 445 1422 panem
483 1350 723 1402 venalem
763 1351 1071 1412 invenirent,
1121 1348 1212 1400 ulli
1259 1368 1383 1400 suae
1430 1350 1505 1400 rei
1545 1348 1848 1418 parcebant.
1926 1348 1983 1400 Si
2019 1348 2112 1417 qui

254 1440 377 1473 vero
436 1422 575 1490 capti
630 1419 697 1471 ad
754 1420 985 1488 aliquem
1043 1419 1108 1469 de
1154 1421 1346 1470 nostris
1396 1418 1659 1470 hominem
1711 1419 1939 1487 probum
1989 1425 2112 1469 sunt

254 1491 485 1556 adducti,
538 1490 706 1541 sanati
757 1490 800 1539 si
838 1487 1098 1540 vulnerati
1149 1496 1311 1554 erant,
1361 1490 1526 1557 gratis
1578 1489 1632 1539 in
1683 1489 1909 1557 patriam
1961 1505 2111 1539 suam

255 1563 604 1623 remittuntur,
644 1558 881 1611 vestibus
921 1568 973 1610 et
1009 1559 1168 1609 armis
1208 1559 1453 1611 decenter
1483 1559 1738 1610 instructi.
1814 1558 1964 1609 Tunc
2005 1556 2112 1609 dic-

256 1642 365 1683 tum
413 1639 491 1682 est
536 1629 654 1691 illis,
707 1629 849 1698 quod
889 1628 1169 1680 Heinricus
1209 1628 1451 1680 dominus
1491 1647 1671 1680 eorum
1708 1635 1829 1697 post
1864 1627 2112 1679 Boemios

256 1701 499 1766 misisset,
540 1708 590 1751 et
626 1698 727 1750 illis
766 1699 1118 1765 venientibus,
1159 1717 1278 1749 cum
1318 1698 1503 1750 eodem
1545 1699 1635 1767 qui
1672 1698 1845 1749 adhuc
1882 1696 2114 1767 reliquus

257 1780 367 1823 erat
405 1770 641 1822 exercitu
681 1769 968 1821 Saxoniam
1017 1778 1253 1837 repetere
1291 1767 1557 1821 voluisset.
1634 1768 1740 1820 Sed
1786 1767 1861 1818 illi
1897 1784 2113 1836 respon-

257 1842 460 1906 derunt,
512 1858 566 1891 se
617 1840 809 1908 potius,
862 1839 905 1889 si
953 1837 1204 1908 possibile
1252 1847 1403 1904 esset,
1459 1846 1625 1890 totum
1674 1837 1932 1889 mundum
1981 1835 2114 1888 velle

258 1912 494 1976 circuire,
543 1927 702 1978 quam
742 1908 1062 1961 Saxonieam
1121 1918 1311 1960 terram
1360 1926 1594 1978 unquam
1631 1909 1801 1976 magis
1838 1907 2058 1959 transire
2074 1906 2113 1957 1¹.

400 1981 514 2031 124.
586 1980 796 2030 Interea
835 1979 1074 2030 Saxones
1113 1978 1181 2029 ad
1220 1997 1314 2030 sua
1352 1987 1524 2030 castra
1558 1979 1772 2043 reversi,
1810 1982 2116 2048 repererunt

257 2051 569 2101 inminutam
608 2067 856 2117 magnam
895 2058 1100 2117 partem
1140 2049 1223 2099 sui
1258 2048 1458 2117 gaudii,
1499 2050 1622 2117 quia
1657 2066 1755 2100 rex
1792 2065 1974 2099 eorum
2010 2046 2113 2098 Ro-

257 2119 431 2172 dulfus
471 2119 675 2170 duobus
713 2120 944 2187 acceptis
971 2116 1293 2184 vulneribus,
1334 2136 1438 2169 uno
1477 2116 1635 2182 letali,
1675 2117 1836 2169 altero
1875 2115 2113 2182 deformi,

257 2191 426 2259 magis
467 2207 625 2258 quam
675 2207 827 2239 suum
877 2186 1090 2240 dolebat
1127 2206 1305 2239 casum
1344 2186 1541 2257 populi.
1618 2186 1725 2239 Sed
1762 2205 1883 2238 cum
1921 2203 2113 2254 cogno=

257 2262 434 2325 visset,
464 2259 605 2328 quod
627 2277 751 2310 suus
773 2258 991 2309 haberet
1010 2258 1284 2309 victoriam
1304 2256 1559 2326 populus:
1590 2257 1789 2322 ‘Nunc’,
1815 2257 1902 2323 ait,
1931 2255 2114 2308 ‘laetus

258 2331 429 2399 patiar
492 2329 647 2379 vivus
717 2337 800 2380 ete
868 2328 1121 2393 moriens,
1192 2327 1444 2398 quicquid
1508 2325 1738 2379 voluerit
1802 2325 2110 2378 Dominus!'

260 2400 515 2465 Quamvis
554 2406 729 2449 autem
766 2398 984 2450 dextera
1021 2417 1208 2449 manus
1245 2397 1321 2448 illi
1344 2397 1528 2449 fuisset
1553 2404 1839 2466 amputata,
1879 2403 1932 2448 et
1955 2413 2115 2464 grave

257 2469 451 2520 vulnus
490 2469 705 2520 haberet
740 2476 924 2520 venter
961 2469 1052 2520 ubi
1091 2467 1367 2520 descendit
1410 2467 1479 2519 ad
1515 2465 1620 2532 ilia,
1672 2475 1849 2519 tamen
1894 2474 1954 2518 ut
1997 2464 2114 2517 illos

261 2557 392 2610 quos
416 2539 479 2590 de
501 2557 595 2589 sua
615 2546 782 2590 morte
804 2537 1019 2590 videbat
1039 2536 1272 2590 dolentes
1295 2537 1666 2603 consolaretur,
1694 2556 1748 2588 se
1769 2536 1948 2587 nonin
1967 2553 2114 2604 prae-

261 2610 393 2661 senti
422 2610 735 2660 moriturum
765 2608 988 2659 fidenter
1016 2607 1319 2677 pollicetur,
1351 2608 1536 2677 suique
1562 2615 1889 2676 postponens
1916 2623 2114 2670 curam,

261 2680 367 2730 suis
394 2678 679 2730 vulneratis
713 2677 1023 2730 ostendebat
1060 2696 1219 2747 quam
1257 2678 1466 2729 deceret
1502 2677 1740 2729 adhiberi
1777 2675 2114 2727 medicinam.

262 2750 383 2815 Qua
420 2748 725 2800 fortitudine
764 2746 918 2799 simul
956 2757 1005 2800 et
1043 2749 1239 2817 pietate
1277 2748 1441 2799 nostri
1478 2747 1749 2816 principes
1786 2744 1941 2796 valde
1977 2762 2115 2796 com-

261 2820 405 2885 moti,
445 2818 776 2870 concorditer
813 2836 994 2869 omnes
1033 2817 1080 2869 ei
1118 2818 1530 2887 spoponderunt,
1579 2824 1637 2867 ut
1684 2817 1727 2867 si
1764 2816 1912 2867 Deus
1952 2814 2118 2866 omni-

262 2897 446 2958 potens
496 2887 633 2939 illius
679 2888 844 2939 vitam
895 2906 1105 2939 servare
1141 2887 1299 2939 vellet
1345 2906 1406 2938 eo
1452 2888 1591 2952 vivo,
1642 2887 1847 2938 etiamsi
1893 2893 2117 2954 utraque

262 2976 422 3008 manu
460 2965 678 3021 careret,
720 2957 952 3009 Saxonia
988 2956 1189 3008 nullum
1228 2957 1388 3009 alium
1413 2965 1671 3009 rectorem
1699 2955 1929 3023 eligeret.
1998 2954 2117 3020 Qua

263 3028 365 3079 fide
404 3027 626 3078 multum
663 3026 749 3078 ille
776 3026 1013 3092 laetatus,
1054 3026 1193 3078 felici
1221 3034 1298 3079 est
1323 3036 1490 3078 morte
1522 3025 1781 3077 resolutus
1796 3025 1829 3076 f.
1892 3025 2117 3076 Factum

264 3108 342 3149 est
378 3105 550 3148 autem
589 3095 690 3147 hoc
728 3095 981 3165 proelium
1032 3105 1274 3164 quartum
1322 3114 1460 3148 anno
1508 3096 1574 3148 ab
1612 3097 1971 3147 incarnatione
2008 3093 2117 3145 Do-

264 3168 391 3217 mini
434 3167 580 3232 1080,
623 3165 803 3217 [dibus
845 3166 1106 3230 Octobris,
1146 3165 1275 3218 feria
1311 3167 1359 3217 ἵ).

408 3236 521 3288 125.
595 3235 803 3287 Deinde
860 3254 1037 3288 mense
1091 3236 1401 3302 Decembri,
1458 3254 1577 3287 cum
1631 3235 1899 3306 principes
1952 3232 2118 3285 nostri

266 3377 302 3418 a)
330 3379 386 3409 illi
414 3379 473 3409 hic
503 3380 532 3413 1,
622 3376 659 3418 b)
688 3378 853 3410 Unstrad
884 3379 911 3408 1.
1001 3376 1034 3418 c)
1062 3378 1214 3410 Elstrad
1243 3381 1274 3411 1.
1360 3380 1397 3420 d)
1425 3381 1567 3411 intrare
1595 3379 1629 3410 2.
1722 3375 1757 3418 e)
1785 3377 1865 3408 sive
1893 3377 1926 3408 2.
2015 3372 2044 3416 f)
2073 3382 2117 3405 ae

227 3469 230 3472 Ι
265 3428 353 3460 inde
370 3427 572 3459 translatus
589 3427 823 3468 Merseburg‚
838 3428 950 3459 sicuti
968 3427 1080 3458 hodie
1095 3431 1209 3469 patet,
1235 3428 1280 3460 ab
1304 3430 1394 3469 ipsis
1417 3427 1623 3460 honorifice
1653 3429 1709 3459 est
1727 3425 1932 3458 tumulatus
1959 3423 2040 3456 add.
2059 3419 2117 3456 lb.
