<?xml version="1.0" encoding="UTF-8"?>
<!DOCTYPE html PUBLIC "-//W3C//DTD XHTML 1.0 Transitional//EN"
    "http://www.w3.org/TR/xhtml1/DTD/xhtml1-transitional.dtd">
<html xmlns="http://www.w3.org/1999/xhtml" xml:lang="en" lang="en">
 <head>
  <title>
</title>
<meta http-equiv="Content-Type" content="text/html;charset=utf-8" />
  <meta name='ocr-system' content='tesseract 3.04.00' />
  <meta name='ocr-capabilities' content='ocr_page ocr_carea ocr_par ocr_line ocrx_word'/>
</head>
<body>
  <div class='ocr_page' id='page_1' title='image "./brunonisdebellos00brunuoft/brunonisdebellos00brunuoft_0047.png"; bbox 0 0 2204 3765; ppageno 0'>
   <div class='ocr_carea' id='block_1_1' title="bbox 517 123 1883 178">
    <p class='ocr_par' dir='ltr' id='par_1_1' title="bbox 517 123 1883 178">
     <span class='ocr_line' id='line_1_1' title="bbox 517 123 1883 178; baseline 0.011 -15"><span class='ocrx_word' id='word_1_1' title='bbox 517 123 718 165; x_wconf 84' lang='lat' dir='ltr'>BRUNO</span> <span class='ocrx_word' id='word_1_2' title='bbox 750 125 832 164; x_wconf 85' lang='lat' dir='ltr'><em>DE</em></span> <span class='ocrx_word' id='word_1_3' title='bbox 866 125 1062 167; x_wconf 87' lang='lat' dir='ltr'><strong>BELLO</strong></span> <span class='ocrx_word' id='word_1_4' title='bbox 1099 125 1416 167; x_wconf 81' lang='lat' dir='ltr'><em>SAXONICO.</em></span> <span class='ocrx_word' id='word_1_5' title='bbox 1828 140 1883 178; x_wconf 83' lang='lat'><em>35</em></span> 
     </span>
    </p>
   </div>
   <div class='ocr_carea' id='block_1_2' title="bbox 20 257 2061 3243">
    <p class='ocr_par' dir='ltr' id='par_1_2' title="bbox 32 257 2008 533">
     <span class='ocr_line' id='line_1_2' title="bbox 35 257 2008 327; baseline 0.007 -18"><span class='ocrx_word' id='word_1_6' title='bbox 35 257 116 309; x_wconf 75' lang='lat' dir='ltr'><em>vel</em></span> <span class='ocrx_word' id='word_1_7' title='bbox 143 261 381 326; x_wconf 77' lang='lat' dir='ltr'><em>posteris</em></span> <span class='ocrx_word' id='word_1_8' title='bbox 418 263 614 311; x_wconf 77' lang='lat' dir='ltr'><em>nostris</em></span> <span class='ocrx_word' id='word_1_9' title='bbox 652 279 762 312; x_wconf 77' lang='lat' dir='ltr'><em>non</em></span> <span class='ocrx_word' id='word_1_10' title='bbox 790 271 992 327; x_wconf 72' lang='lat' dir='ltr'><em>noceat,</em></span> <span class='ocrx_word' id='word_1_11' title='bbox 1032 271 1208 315; x_wconf 72' lang='lat' dir='ltr'><em>noster</em></span> <span class='ocrx_word' id='word_1_12' title='bbox 1237 283 1527 316; x_wconf 76' lang='lat' dir='ltr'><strong><em>consensus</em></strong></span> <span class='ocrx_word' id='word_1_13' title='bbox 1555 273 1884 322; x_wconf 75' lang='lat' dir='ltr'><em>concorditer</em></span> <span class='ocrx_word' id='word_1_14' title='bbox 1906 291 2008 322; x_wconf 77' lang='lat'><em>1075.</em></span> 
     </span>
     <span class='ocr_line' id='line_1_3' title="bbox 36 326 1883 405; baseline 0.007 -27"><span class='ocrx_word' id='word_1_15' title='bbox 36 327 287 394; x_wconf 75' lang='lat' dir='ltr'><em>implebit.</em></span> <span class='ocrx_word' id='word_1_16' title='bbox 345 326 502 386; x_wconf 71' lang='lat' dir='ltr'><em>Quod.</em></span> <span class='ocrx_word' id='word_1_17' title='bbox 527 331 906 396; x_wconf 74' lang='lat' dir='ltr'><em>sipaternz&#39;tas</em></span> <span class='ocrx_word' id='word_1_18' title='bbox 935 340 1109 382; x_wconf 76' lang='lat' dir='ltr'><em>vestra</em></span> <span class='ocrx_word' id='word_1_19' title='bbox 1141 335 1443 401; x_wconf 69' lang='lat' dir='ltr'><em>suscapiens</em></span> <span class='ocrx_word' id='word_1_20' title='bbox 1470 336 1642 386; x_wconf 69' lang='lat' dir='ltr'><em>banca</em></span> <span class='ocrx_word' id='word_1_21' title='bbox 1671 356 1883 405; x_wconf 75' lang='lat' dir='ltr'><em>operam</em></span> 
     </span>
     <span class='ocr_line' id='line_1_4' title="bbox 36 397 1881 469; baseline 0.005 -21"><span class='ocrx_word' id='word_1_22' title='bbox 36 413 193 464; x_wconf 83' lang='lat' dir='ltr'><em>opere</em></span> <span class='ocrx_word' id='word_1_23' title='bbox 231 397 522 464; x_wconf 72' lang='lat' dir='ltr'><em>complebit,</em></span> <span class='ocrx_word' id='word_1_24' title='bbox 562 418 678 449; x_wconf 76' lang='lat' dir='ltr'><em>eum</em></span> <span class='ocrx_word' id='word_1_25' title='bbox 706 398 1177 467; x_wconf 75' lang='lat' dir='ltr'><em>coelestz‘prctemio</em></span> <span class='ocrx_word' id='word_1_26' title='bbox 1216 421 1312 452; x_wconf 75' lang='lat' dir='ltr'><em>nos</em></span> <span class='ocrx_word' id='word_1_27' title='bbox 1341 421 1516 453; x_wconf 79' lang='lat' dir='ltr'><em>omnes</em></span> <span class='ocrx_word' id='word_1_28' title='bbox 1540 405 1729 469; x_wconf 74' lang='lat' dir='ltr'><em>fideles</em></span> <span class='ocrx_word' id='word_1_29' title='bbox 1757 427 1881 458; x_wconf 80' lang='lat' dir='ltr'><em>sem-</em></span> 
     </span>
     <span class='ocr_line' id='line_1_5' title="bbox 32 467 632 533; baseline 0.003 -19"><span class='ocrx_word' id='word_1_30' title='bbox 32 483 133 533; x_wconf 73' lang='lat' dir='ltr'><em>per</em></span> <span class='ocrx_word' id='word_1_31' title='bbox 171 467 370 516; x_wconf 78' lang='lat' dir='ltr'><em>amicos</em></span> <span class='ocrx_word' id='word_1_32' title='bbox 408 467 632 517; x_wconf 74' lang='lat' dir='ltr'><em>habebit.</em></span> 
     </span>
    </p>

    <p class='ocr_par' dir='ltr' id='par_1_3' title="bbox 24 533 2061 1715">
     <span class='ocr_line' id='line_1_6' title="bbox 171 533 1882 610; baseline 0.005 -25"><span class='ocrx_word' id='word_1_33' title='bbox 171 533 255 585; x_wconf 82' lang='grc'><em>52.</em></span> <span class='ocrx_word' id='word_1_34' title='bbox 294 534 417 601; x_wconf 91' lang='lat' dir='ltr'><em>Ipso</em></span> <span class='ocrx_word' id='word_1_35' title='bbox 443 543 681 603; x_wconf 90' lang='lat' dir='ltr'><em>tempore</em></span> <span class='ocrx_word' id='word_1_36' title='bbox 703 535 851 586; x_wconf 90' lang='lat' dir='ltr'><em>Deus</em></span> <span class='ocrx_word' id='word_1_37' title='bbox 889 537 1221 604; x_wconf 87' lang='lat' dir='ltr'><em>omnipotens</em></span> <span class='ocrx_word' id='word_1_38' title='bbox 1261 538 1376 588; x_wconf 90' lang='lat' dir='ltr'><em>urbi</em></span> <span class='ocrx_word' id='word_1_39' title='bbox 1408 540 1882 610; x_wconf 79' lang='lat' dir='ltr'><em>Magcdaburgcnsi</em></span> 
     </span>
     <span class='ocr_line' id='line_1_7' title="bbox 33 604 1883 675; baseline 0.005 -22"><span class='ocrx_word' id='word_1_40' title='bbox 33 620 131 671; x_wconf 87' lang='lat' dir='ltr'><em>per</em></span> <span class='ocrx_word' id='word_1_41' title='bbox 168 610 469 653; x_wconf 88' lang='lat' dir='ltr'><em>sanctorum</em></span> <span class='ocrx_word' id='word_1_42' title='bbox 505 605 707 669; x_wconf 89' lang='lat' dir='ltr'><em>merita,</em></span> <span class='ocrx_word' id='word_1_43' title='bbox 745 605 835 672; x_wconf 90' lang='lat' dir='ltr'><em>qui</em></span> <span class='ocrx_word' id='word_1_44' title='bbox 872 604 947 655; x_wconf 89' lang='lat' dir='ltr'><em>ibi</em></span> <span class='ocrx_word' id='word_1_45' title='bbox 982 604 1157 673; x_wconf 85' lang='lat' dir='ltr'><em>plures</em></span> <span class='ocrx_word' id='word_1_46' title='bbox 1196 605 1469 672; x_wconf 82' lang='lat' dir='ltr'><strong>habentur,</strong></span> <span class='ocrx_word' id='word_1_47' title='bbox 1509 628 1753 675; x_wconf 81' lang='lat' dir='ltr'><em>magnam</em></span> <span class='ocrx_word' id='word_1_48' title='bbox 1794 615 1883 662; x_wconf 86' lang='lat' dir='ltr'><em>mi-</em></span> 
     </span>
     <span class='ocr_line' id='line_1_8' title="bbox 35 670 2061 750; baseline 0.001 -28"><span class='ocrx_word' id='word_1_49' title='bbox 35 670 377 722; x_wconf 89' lang='lat' dir='ltr'><em>sericordiam</em></span> <span class='ocrx_word' id='word_1_50' title='bbox 417 672 674 736; x_wconf 89' lang='lat' dir='ltr'><em>ostendit,</em></span> <span class='ocrx_word' id='word_1_51' title='bbox 722 682 773 723; x_wconf 86' lang='lat' dir='ltr'><em>et</em></span> <span class='ocrx_word' id='word_1_52' title='bbox 821 673 993 740; x_wconf 83' lang='lat' dir='ltr'>ipsam</span> <span class='ocrx_word' id='word_1_53' title='bbox 1042 672 1227 726; x_wconf 84' lang='lat' dir='ltr'><em>urbem</em></span> <span class='ocrx_word' id='word_1_54' title='bbox 1267 684 1540 746; x_wconf 82' lang='lat' dir='ltr'><em>totumque</em></span> <span class='ocrx_word' id='word_1_55' title='bbox 1580 675 1731 730; x_wconf 83' lang='lat' dir='ltr'><em>illud‘</em></span> <span class='ocrx_word' id='word_1_56' title='bbox 1778 684 1951 750; x_wconf 52' lang='lat' dir='ltr'><em>epi-‘n</em></span> <span class='ocrx_word' id='word_1_57' title='bbox 1982 695 2061 726; x_wconf 70' lang='lat' dir='ltr'><em>tus.</em></span> 
     </span>
     <span class='ocr_line' id='line_1_9' title="bbox 33 739 1885 810; baseline 0.005 -18"><span class='ocrx_word' id='word_1_58' title='bbox 33 741 273 808; x_wconf 88' lang='lat' dir='ltr'><em>scopium</em></span> <span class='ocrx_word' id='word_1_59' title='bbox 311 759 343 791; x_wconf 92' lang='lat' dir='ltr'><em>a</em></span> <span class='ocrx_word' id='word_1_60' title='bbox 380 739 578 790; x_wconf 87' lang='lat' dir='ltr'><em>crudeli</em></span> <span class='ocrx_word' id='word_1_61' title='bbox 604 741 743 809; x_wconf 88' lang='lat' dir='ltr'><em>regis</em></span> <span class='ocrx_word' id='word_1_62' title='bbox 770 742 1045 793; x_wconf 82' lang='lat' dir='ltr'>invasione</span> <span class='ocrx_word' id='word_1_63' title='bbox 1071 744 1143 795; x_wconf 88' lang='lat' dir='ltr'><em>ita</em></span> <span class='ocrx_word' id='word_1_64' title='bbox 1180 744 1489 798; x_wconf 88' lang='lat' dir='ltr'><em>mirabiliter</em></span> <span class='ocrx_word' id='word_1_65' title='bbox 1526 747 1788 810; x_wconf 74' lang='lat' dir='ltr'><em>defendit,</em></span> <span class='ocrx_word' id='word_1_66' title='bbox 1828 761 1885 802; x_wconf 86' lang='lat' dir='ltr'><em>ut</em></span> 
     </span>
     <span class='ocr_line' id='line_1_10' title="bbox 32 808 1883 881; baseline 0.005 -21"><span class='ocrx_word' id='word_1_67' title='bbox 32 808 163 860; x_wconf 79' lang='lat' dir='ltr'><em>nulli</em></span> <span class='ocrx_word' id='word_1_68' title='bbox 190 809 281 878; x_wconf 88' lang='lat' dir='ltr'><em>qui</em></span> <span class='ocrx_word' id='word_1_69' title='bbox 307 808 407 859; x_wconf 90' lang='lat' dir='ltr'><em>hoc</em></span> <span class='ocrx_word' id='word_1_70' title='bbox 436 811 686 877; x_wconf 85' lang='lat' dir='ltr'><em>cognovit</em></span> <span class='ocrx_word' id='word_1_71' title='bbox 710 809 866 862; x_wconf 87' lang='lat' dir='ltr'><em>liceat</em></span> <span class='ocrx_word' id='word_1_72' title='bbox 893 810 1151 876; x_wconf 88' lang='lat' dir='ltr'><em>dubitare,</em></span> <span class='ocrx_word' id='word_1_73' title='bbox 1179 814 1418 881; x_wconf 88' lang='lat' dir='ltr'><em>ipsorum</em></span> <span class='ocrx_word' id='word_1_74' title='bbox 1447 819 1647 869; x_wconf 85' lang='lat' dir='ltr'><em>meritis</em></span> <span class='ocrx_word' id='word_1_75' title='bbox 1680 828 1883 869; x_wconf 77' lang='lat' dir='ltr'><em>sam-to-</em></span> 
     </span>
     <span class='ocr_line' id='line_1_11' title="bbox 33 876 1883 950; baseline 0.005 -21"><span class='ocrx_word' id='word_1_76' title='bbox 33 897 155 930; x_wconf 89' lang='lat' dir='ltr'><em>rum</em></span> <span class='ocrx_word' id='word_1_77' title='bbox 192 888 319 930; x_wconf 89' lang='lat' dir='ltr'><em>tunc</em></span> <span class='ocrx_word' id='word_1_78' title='bbox 346 876 490 929; x_wconf 90' lang='lat' dir='ltr'><em>illam</em></span> <span class='ocrx_word' id='word_1_79' title='bbox 519 880 784 930; x_wconf 83' lang='lat' dir='ltr'><em>civitatem</em></span> <span class='ocrx_word' id='word_1_80' title='bbox 812 880 1132 932; x_wconf 88' lang='lat' dir='ltr'><em>incolumem</em></span> <span class='ocrx_word' id='word_1_81' title='bbox 1159 886 1527 950; x_wconf 79' lang='lat' dir='ltr'><em>permansisse.</em></span> <span class='ocrx_word' id='word_1_82' title='bbox 1602 887 1736 938; x_wconf 80' lang='lat' dir='ltr'><em>Nam</em></span> <span class='ocrx_word' id='word_1_83' title='bbox 1778 889 1883 939; x_wconf 90' lang='lat' dir='ltr'><em>cui-</em></span> 
     </span>
     <span class='ocr_line' id='line_1_12' title="bbox 34 946 1883 1021; baseline 0.004 -23"><span class='ocrx_word' id='word_1_84' title='bbox 34 947 159 999; x_wconf 86' lang='lat' dir='ltr'><em>dam</em></span> <span class='ocrx_word' id='word_1_85' title='bbox 179 946 398 999; x_wconf 90' lang='lat' dir='ltr'><em>ancillae</em></span> <span class='ocrx_word' id='word_1_86' title='bbox 420 947 523 999; x_wconf 85' lang='lat' dir='ltr'><em>Dei</em></span> <span class='ocrx_word' id='word_1_87' title='bbox 550 955 670 999; x_wconf 87' lang='lat' dir='ltr'><em>ante</em></span> <span class='ocrx_word' id='word_1_88' title='bbox 697 947 958 1016; x_wconf 89' lang='lat' dir='ltr'><em>proelium</em></span> <span class='ocrx_word' id='word_1_89' title='bbox 986 969 1079 1017; x_wconf 84' lang='lat' dir='ltr'><em>per</em></span> <span class='ocrx_word' id='word_1_90' title='bbox 1105 951 1359 1003; x_wconf 81' lang='lat' dir='ltr'><em>visionem</em></span> <span class='ocrx_word' id='word_1_91' title='bbox 1386 953 1553 1005; x_wconf 86' lang='lat' dir='ltr'><em>fuerat</em></span> <span class='ocrx_word' id='word_1_92' title='bbox 1579 956 1883 1021; x_wconf 78' lang='lat' dir='ltr'><em>revelatum,</em></span> 
     </span>
     <span class='ocr_line' id='line_1_13' title="bbox 33 1017 1883 1087; baseline 0.004 -19"><span class='ocrx_word' id='word_1_93' title='bbox 33 1017 78 1068; x_wconf 88' lang='lat' dir='ltr'><em>si</em></span> <span class='ocrx_word' id='word_1_94' title='bbox 116 1026 276 1085; x_wconf 88' lang='lat' dir='ltr'><em>caput</em></span> <span class='ocrx_word' id='word_1_95' title='bbox 302 1019 472 1067; x_wconf 88' lang='lat' dir='ltr'><em>sancti</em></span> <span class='ocrx_word' id='word_1_96' title='bbox 511 1017 828 1083; x_wconf 86' lang='lat' dir='ltr'><em>Sebastiani,</em></span> <span class='ocrx_word' id='word_1_97' title='bbox 868 1020 1010 1087; x_wconf 88' lang='lat' dir='ltr'><em>quod</em></span> <span class='ocrx_word' id='word_1_98' title='bbox 1036 1020 1090 1068; x_wconf 89' lang='lat' dir='ltr'><em>in</em></span> <span class='ocrx_word' id='word_1_99' title='bbox 1117 1019 1298 1072; x_wconf 85' lang='lat' dir='ltr'><em>eadem</em></span> <span class='ocrx_word' id='word_1_100' title='bbox 1328 1023 1538 1074; x_wconf 83' lang='lat' dir='ltr'><em>civitate</em></span> <span class='ocrx_word' id='word_1_101' title='bbox 1573 1043 1691 1075; x_wconf 84' lang='lat' dir='ltr'><em>cum</em></span> <span class='ocrx_word' id='word_1_102' title='bbox 1721 1026 1883 1076; x_wconf 85' lang='lat' dir='ltr'><em>multa</em></span> 
     </span>
     <span class='ocr_line' id='line_1_14' title="bbox 29 1085 1883 1162; baseline 0.004 -24"><span class='ocrx_word' id='word_1_103' title='bbox 29 1088 365 1138; x_wconf 86' lang='lat' dir='ltr'><em>veneratione</em></span> <span class='ocrx_word' id='word_1_104' title='bbox 420 1085 669 1151; x_wconf 87' lang='lat' dir='ltr'><em>habetur,</em></span> <span class='ocrx_word' id='word_1_105' title='bbox 730 1088 871 1137; x_wconf 89' lang='lat' dir='ltr'><em>circa</em></span> <span class='ocrx_word' id='word_1_106' title='bbox 924 1090 1176 1139; x_wconf 86' lang='lat' dir='ltr'><em>terminos</em></span> <span class='ocrx_word' id='word_1_107' title='bbox 1233 1091 1409 1158; x_wconf 90' lang='lat' dir='ltr'><em>episco</em></span> <span class='ocrx_word' id='word_1_108' title='bbox 1453 1093 1490 1142; x_wconf 86' lang='lat' dir='ltr'><em>ii</em></span> <span class='ocrx_word' id='word_1_109' title='bbox 1537 1092 1722 1145; x_wconf 86' lang='lat' dir='ltr'><em>fuisset</em></span> <span class='ocrx_word' id='word_1_110' title='bbox 1771 1113 1883 1162; x_wconf 89' lang='lat' dir='ltr'><em>por-</em></span> 
     </span>
     <span class='ocr_line' id='line_1_15' title="bbox 29 1110 1884 1227; baseline 0.003 -19"><span class='ocrx_word' id='word_1_111' title='bbox 29 1163 214 1220; x_wconf 84' lang='lat' dir='ltr'><em>tatum,</em></span> <span class='ocrx_word' id='word_1_112' title='bbox 254 1155 469 1207; x_wconf 91' lang='lat' dir='ltr'><em>eosdem</em></span> <span class='ocrx_word' id='word_1_113' title='bbox 506 1157 758 1206; x_wconf 87' lang='lat' dir='ltr'><em>terminos</em></span> <span class='ocrx_word' id='word_1_114' title='bbox 796 1155 969 1207; x_wconf 90' lang='lat' dir='ltr'><em>nullus</em></span> <span class='ocrx_word' id='word_1_115' title='bbox 995 1166 1174 1226; x_wconf 91' lang='lat' dir='ltr'><em>posset</em></span> <span class='ocrx_word' id='word_1_116' title='bbox 1200 1158 1395 1210; x_wconf 87' lang='lat' dir='ltr'><em>intrare</em></span> <span class='ocrx_word' id='word_1_117' title='bbox 1414 1110 1669 1213; x_wconf 62' lang='lat' dir='ltr'><em>1bostium.</em></span> <span class='ocrx_word' id='word_1_118' title='bbox 1728 1162 1884 1227; x_wconf 77' lang='lat' dir='ltr'><em>Quod</em></span> 
     </span>
     <span class='ocr_line' id='line_1_16' title="bbox 29 1225 1884 1300; baseline 0.003 -24"><span class='ocrx_word' id='word_1_119' title='bbox 29 1242 148 1276; x_wconf 92' lang='lat' dir='ltr'><em>cum</em></span> <span class='ocrx_word' id='word_1_120' title='bbox 185 1226 304 1293; x_wconf 89' lang='lat' dir='ltr'><em>ipsa</em></span> <span class='ocrx_word' id='word_1_121' title='bbox 328 1225 690 1292; x_wconf 79' lang='lat' dir='ltr'><em>Meginfi-idob,</em></span> <span class='ocrx_word' id='word_1_122' title='bbox 729 1225 966 1276; x_wconf 87' lang='lat' dir='ltr'><em>eiusdem</em></span> <span class='ocrx_word' id='word_1_123' title='bbox 1005 1227 1150 1278; x_wconf 88' lang='lat' dir='ltr'><em>urbis</em></span> <span class='ocrx_word' id='word_1_124' title='bbox 1176 1227 1456 1295; x_wconf 86' lang='lat' dir='ltr'><em>praefecto,</em></span> <span class='ocrx_word' id='word_1_125' title='bbox 1496 1238 1545 1281; x_wconf 90' lang='lat' dir='ltr'><em>et</em></span> <span class='ocrx_word' id='word_1_126' title='bbox 1574 1232 1884 1300; x_wconf 78' lang='lat' dir='ltr'><em>praefectus,</em></span> 
     </span>
     <span class='ocr_line' id='line_1_17' title="bbox 29 1293 1884 1370; baseline 0.003 -25"><span class='ocrx_word' id='word_1_127' title='bbox 29 1303 311 1363; x_wconf 86' lang='lat' dir='ltr'><em>antequam</em></span> <span class='ocrx_word' id='word_1_128' title='bbox 352 1295 558 1345; x_wconf 83' lang='lat' dir='ltr'><em>exirent</em></span> <span class='ocrx_word' id='word_1_129' title='bbox 595 1294 662 1346; x_wconf 90' lang='lat' dir='ltr'><em>ad</em></span> <span class='ocrx_word' id='word_1_130' title='bbox 699 1293 912 1359; x_wconf 89' lang='lat' dir='ltr'><em>bellum,</em></span> <span class='ocrx_word' id='word_1_131' title='bbox 951 1296 1103 1347; x_wconf 88' lang='lat' dir='ltr'><em>nobis</em></span> <span class='ocrx_word' id='word_1_132' title='bbox 1143 1295 1481 1349; x_wconf 83' lang='lat' dir='ltr'><em>audientibus</em></span> <span class='ocrx_word' id='word_1_133' title='bbox 1507 1300 1884 1370; x_wconf 79' lang='lat' dir='ltr'><em>archipraesuli</em></span> 
     </span>
     <span class='ocr_line' id='line_1_18' title="bbox 27 1362 1881 1438; baseline 0.003 -24"><span class='ocrx_word' id='word_1_134' title='bbox 27 1372 208 1416; x_wconf 90' lang='lat' dir='ltr'><em>nostro</em></span> <span class='ocrx_word' id='word_1_135' title='bbox 257 1362 575 1431; x_wconf 84' lang='lat' dir='ltr'><em>retulisset1,</em></span> <span class='ocrx_word' id='word_1_136' title='bbox 630 1373 847 1433; x_wconf 89' lang='lat' dir='ltr'><em>peracto</em></span> <span class='ocrx_word' id='word_1_137' title='bbox 895 1365 999 1416; x_wconf 90' lang='lat' dir='ltr'><em>iam</em></span> <span class='ocrx_word' id='word_1_138' title='bbox 1047 1364 1248 1433; x_wconf 87' lang='lat' dir='ltr'><em>proelio</em></span> <span class='ocrx_word' id='word_1_139' title='bbox 1289 1377 1450 1436; x_wconf 85' lang='lat' dir='ltr'><em>caput</em></span> <span class='ocrx_word' id='word_1_140' title='bbox 1487 1370 1659 1438; x_wconf 88' lang='lat' dir='ltr'><em>ipsum</em></span> <span class='ocrx_word' id='word_1_141' title='bbox 1700 1388 1881 1420; x_wconf 88' lang='lat' dir='ltr'><em>omnes</em></span> 
     </span>
     <span class='ocr_line' id='line_1_19' title="bbox 24 1433 1884 1503; baseline 0.003 -18"><span class='ocrx_word' id='word_1_142' title='bbox 24 1433 276 1485; x_wconf 88' lang='lat' dir='ltr'><em>terminos</em></span> <span class='ocrx_word' id='word_1_143' title='bbox 313 1441 537 1498; x_wconf 85' lang='lat' dir='ltr'><em>nostros,</em></span> <span class='ocrx_word' id='word_1_144' title='bbox 577 1441 861 1502; x_wconf 85' lang='lat' dir='ltr'><em>antequam</em></span> <span class='ocrx_word' id='word_1_145' title='bbox 899 1453 996 1485; x_wconf 74' lang='lat' dir='ltr'><em>rex</em></span> <span class='ocrx_word' id='word_1_146' title='bbox 1032 1437 1250 1495; x_wconf 84' lang='lat' dir='ltr'><em>veniret,</em></span> <span class='ocrx_word' id='word_1_147' title='bbox 1290 1437 1509 1488; x_wconf 87' lang='lat' dir='ltr'><em>circuire</em></span> <span class='ocrx_word' id='word_1_148' title='bbox 1547 1439 1792 1503; x_wconf 81' lang='lat' dir='ltr'><em>fecimus3</em></span> <span class='ocrx_word' id='word_1_149' title='bbox 1834 1447 1884 1491; x_wconf 90' lang='lat' dir='ltr'><em>et</em></span> 
     </span>
     <span class='ocr_line' id='line_1_20' title="bbox 26 1502 1882 1575; baseline 0.004 -23"><span class='ocrx_word' id='word_1_150' title='bbox 26 1502 101 1556; x_wconf 86' lang='lat' dir='ltr'><em>ita</em></span> <span class='ocrx_word' id='word_1_151' title='bbox 138 1521 252 1555; x_wconf 90' lang='lat' dir='ltr'><em>esse</em></span> <span class='ocrx_word' id='word_1_152' title='bbox 291 1504 429 1555; x_wconf 88' lang='lat' dir='ltr'><em>sicut</em></span> <span class='ocrx_word' id='word_1_153' title='bbox 464 1502 654 1553; x_wconf 87' lang='lat' dir='ltr'><em>ancilla</em></span> <span class='ocrx_word' id='word_1_154' title='bbox 680 1503 784 1554; x_wconf 91' lang='lat' dir='ltr'><em>Dei</em></span> <span class='ocrx_word' id='word_1_155' title='bbox 821 1503 1175 1572; x_wconf 76' lang='lat' dir='ltr'><em>praedixerat,</em></span> <span class='ocrx_word' id='word_1_156' title='bbox 1216 1523 1284 1556; x_wconf 80' lang='lat' dir='ltr'><em>ex</em></span> <span class='ocrx_word' id='word_1_157' title='bbox 1320 1507 1437 1575; x_wconf 89' lang='lat' dir='ltr'><em>ipso</em></span> <span class='ocrx_word' id='word_1_158' title='bbox 1475 1526 1649 1559; x_wconf 90' lang='lat' dir='ltr'><em>rerum</em></span> <span class='ocrx_word' id='word_1_159' title='bbox 1690 1518 1882 1559; x_wconf 80' lang='lat' dir='ltr'><em>eventu</em></span> 
     </span>
     <span class='ocr_line' id='line_1_21' title="bbox 26 1572 1881 1643; baseline 0.002 -19"><span class='ocrx_word' id='word_1_160' title='bbox 26 1572 397 1641; x_wconf 86' lang='lat' dir='ltr'><em>comperimus.</em></span> <span class='ocrx_word' id='word_1_161' title='bbox 451 1572 590 1624; x_wconf 85' lang='lat' dir='ltr'><em>Nam</em></span> <span class='ocrx_word' id='word_1_162' title='bbox 615 1572 921 1643; x_wconf 88' lang='lat' dir='ltr'><em>ubicunque</em></span> <span class='ocrx_word' id='word_1_163' title='bbox 946 1592 1041 1624; x_wconf 79' lang='lat' dir='ltr'><em>rex</em></span> <span class='ocrx_word' id='word_1_164' title='bbox 1070 1574 1136 1625; x_wconf 92' lang='lat' dir='ltr'><em>ad</em></span> <span class='ocrx_word' id='word_1_165' title='bbox 1163 1576 1305 1641; x_wconf 88' lang='lat' dir='ltr'><em>ipsos</em></span> <span class='ocrx_word' id='word_1_166' title='bbox 1334 1577 1583 1628; x_wconf 88' lang='lat' dir='ltr'><em>terminos</em></span> <span class='ocrx_word' id='word_1_167' title='bbox 1611 1578 1768 1642; x_wconf 77' lang='lat' dir='ltr'><em>venit,</em></span> <span class='ocrx_word' id='word_1_168' title='bbox 1808 1577 1881 1627; x_wconf 92' lang='lat' dir='ltr'><em>di-</em></span> 
     </span>
     <span class='ocr_line' id='line_1_22' title="bbox 24 1642 1881 1715; baseline 0.002 -21"><span class='ocrx_word' id='word_1_169' title='bbox 24 1643 148 1694; x_wconf 87' lang='lat' dir='ltr'><em>vino</em></span> <span class='ocrx_word' id='word_1_170' title='bbox 169 1649 301 1693; x_wconf 89' lang='lat' dir='ltr'><em>nutu</em></span> <span class='ocrx_word' id='word_1_171' title='bbox 319 1643 629 1710; x_wconf 85' lang='lat' dir='ltr'><em>perterritus</em></span> <span class='ocrx_word' id='word_1_172' title='bbox 647 1642 871 1708; x_wconf 88' lang='lat' dir='ltr'><em>rediens,</em></span> <span class='ocrx_word' id='word_1_173' title='bbox 887 1661 1153 1711; x_wconf 88' lang='lat' dir='ltr'><em>nusquam</em></span> <span class='ocrx_word' id='word_1_174' title='bbox 1169 1643 1293 1694; x_wconf 88' lang='lat' dir='ltr'><em>illud</em></span> <span class='ocrx_word' id='word_1_175' title='bbox 1309 1646 1638 1715; x_wconf 80' lang='lat' dir='ltr'><em>episcopium</em></span> <span class='ocrx_word' id='word_1_176' title='bbox 1655 1647 1881 1698; x_wconf 78' lang='lat' dir='ltr'><em>intravit.</em></span> 
     </span>
    </p>

    <p class='ocr_par' dir='ltr' id='par_1_4' title="bbox 20 1711 1969 3243">
     <span class='ocr_line' id='line_1_23' title="bbox 162 1711 1881 1780; baseline 0.001 -17"><span class='ocrx_word' id='word_1_177' title='bbox 162 1711 246 1763; x_wconf 80' lang='lat'><em>53.</em></span> <span class='ocrx_word' id='word_1_178' title='bbox 311 1711 416 1764; x_wconf 86' lang='lat' dir='ltr'><em>Sed</em></span> <span class='ocrx_word' id='word_1_179' title='bbox 445 1730 564 1762; x_wconf 90' lang='lat' dir='ltr'><em>cum</em></span> <span class='ocrx_word' id='word_1_180' title='bbox 600 1730 699 1763; x_wconf 81' lang='lat' dir='ltr'><em>rex</em></span> <span class='ocrx_word' id='word_1_181' title='bbox 724 1714 963 1764; x_wconf 79' lang='lat' dir='ltr'><em>exercitu</em></span> <span class='ocrx_word' id='word_1_182' title='bbox 1001 1714 1283 1764; x_wconf 89' lang='lat' dir='ltr'><em>comitante</em></span> <span class='ocrx_word' id='word_1_183' title='bbox 1309 1715 1542 1767; x_wconf 77' lang='lat' dir='ltr'><em>venisset</em></span> <span class='ocrx_word' id='word_1_184' title='bbox 1569 1715 1881 1780; x_wconf 80' lang='lat' dir='ltr'><em>Goslariam,</em></span> 
     </span>
     <span class='ocr_line' id='line_1_24' title="bbox 24 1780 1883 1853; baseline 0.002 -21"><span class='ocrx_word' id='word_1_185' title='bbox 24 1780 206 1851; x_wconf 91' lang='lat' dir='ltr'><em>ibique</em></span> <span class='ocrx_word' id='word_1_186' title='bbox 254 1799 285 1832; x_wconf 87' lang='lat' dir='ltr'><em>a</em></span> <span class='ocrx_word' id='word_1_187' title='bbox 333 1781 650 1851; x_wconf 87' lang='lat' dir='ltr'><em>quibusdam</em></span> <span class='ocrx_word' id='word_1_188' title='bbox 694 1782 888 1833; x_wconf 88' lang='lat' dir='ltr'><em>nostris</em></span> <span class='ocrx_word' id='word_1_189' title='bbox 938 1783 1199 1851; x_wconf 89' lang='lat' dir='ltr'><em>episcopis</em></span> <span class='ocrx_word' id='word_1_190' title='bbox 1255 1783 1559 1852; x_wconf 88' lang='lat' dir='ltr'><em>triumphali</em></span> <span class='ocrx_word' id='word_1_191' title='bbox 1609 1793 1883 1853; x_wconf 85' lang='lat' dir='ltr'><em>susceptus</em></span> 
     </span>
     <span class='ocr_line' id='line_1_25' title="bbox 25 1849 1882 1923; baseline 0.001 -21"><span class='ocrx_word' id='word_1_192' title='bbox 25 1859 162 1903; x_wconf 89' lang='lat' dir='ltr'><em>esset</em></span> <span class='ocrx_word' id='word_1_193' title='bbox 197 1849 380 1919; x_wconf 88' lang='lat' dir='ltr'><em>gloria,</em></span> <span class='ocrx_word' id='word_1_194' title='bbox 418 1851 485 1903; x_wconf 89' lang='lat' dir='ltr'><em>ab</em></span> <span class='ocrx_word' id='word_1_195' title='bbox 524 1851 710 1902; x_wconf 86' lang='lat' dir='ltr'><em>amicis</em></span> <span class='ocrx_word' id='word_1_196' title='bbox 737 1852 847 1902; x_wconf 90' lang='lat' dir='ltr'><em>suis</em></span> <span class='ocrx_word' id='word_1_197' title='bbox 874 1850 1000 1921; x_wconf 88' lang='lat' dir='ltr'><em>quid</em></span> <span class='ocrx_word' id='word_1_198' title='bbox 1027 1851 1129 1903; x_wconf 88' lang='lat' dir='ltr'><em>sibi</em></span> <span class='ocrx_word' id='word_1_199' title='bbox 1153 1852 1289 1903; x_wconf 90' lang='lat' dir='ltr'><em>foret</em></span> <span class='ocrx_word' id='word_1_200' title='bbox 1315 1852 1577 1921; x_wconf 89' lang='lat' dir='ltr'><em>agendum</em></span> <span class='ocrx_word' id='word_1_201' title='bbox 1607 1854 1882 1923; x_wconf 76' lang='lat' dir='ltr'><em>quaesivit,</em></span> 
     </span>
     <span class='ocr_line' id='line_1_26' title="bbox 24 1920 1881 1991; baseline 0 -19"><span class='ocrx_word' id='word_1_202' title='bbox 24 1928 76 1972; x_wconf 89' lang='lat' dir='ltr'><em>et</em></span> <span class='ocrx_word' id='word_1_203' title='bbox 112 1921 205 1971; x_wconf 79' lang='lat' dir='ltr'><em>vix</em></span> <span class='ocrx_word' id='word_1_204' title='bbox 244 1920 384 1990; x_wconf 90' lang='lat' dir='ltr'><em>quod</em></span> <span class='ocrx_word' id='word_1_205' title='bbox 423 1920 525 1971; x_wconf 87' lang='lat' dir='ltr'><em>sibi</em></span> <span class='ocrx_word' id='word_1_206' title='bbox 559 1920 687 1972; x_wconf 88' lang='lat' dir='ltr'><em>utile</em></span> <span class='ocrx_word' id='word_1_207' title='bbox 725 1930 863 1973; x_wconf 88' lang='lat' dir='ltr'><em>esset</em></span> <span class='ocrx_word' id='word_1_208' title='bbox 897 1922 1133 1973; x_wconf 87' lang='lat' dir='ltr'><em>invenire</em></span> <span class='ocrx_word' id='word_1_209' title='bbox 1171 1923 1357 1991; x_wconf 90' lang='lat' dir='ltr'><em>potuit.</em></span> <span class='ocrx_word' id='word_1_210' title='bbox 1431 1922 1567 1973; x_wconf 89' lang='lat' dir='ltr'><em>Nam</em></span> <span class='ocrx_word' id='word_1_211' title='bbox 1607 1922 1881 1974; x_wconf 88' lang='lat' dir='ltr'><em>consilium</em></span> 
     </span>
     <span class='ocr_line' id='line_1_27' title="bbox 25 1989 1882 2059; baseline 0 -18"><span class='ocrx_word' id='word_1_212' title='bbox 25 1989 167 2059; x_wconf 89' lang='lat' dir='ltr'><em>quod</em></span> <span class='ocrx_word' id='word_1_213' title='bbox 205 1991 253 2042; x_wconf 92' lang='lat' dir='ltr'><em>ei</em></span> <span class='ocrx_word' id='word_1_214' title='bbox 290 1989 549 2042; x_wconf 88' lang='lat' dir='ltr'><em>dederunt</em></span> <span class='ocrx_word' id='word_1_215' title='bbox 585 2008 755 2059; x_wconf 89' lang='lat' dir='ltr'><em>paene</em></span> <span class='ocrx_word' id='word_1_216' title='bbox 795 2009 992 2056; x_wconf 88' lang='lat' dir='ltr'><em>omnes,</em></span> <span class='ocrx_word' id='word_1_217' title='bbox 1029 1999 1088 2042; x_wconf 91' lang='lat' dir='ltr'><em>ut</em></span> <span class='ocrx_word' id='word_1_218' title='bbox 1112 1991 1231 2043; x_wconf 91' lang='lat' dir='ltr'><em>Deo</em></span> <span class='ocrx_word' id='word_1_219' title='bbox 1272 1991 1337 2043; x_wconf 91' lang='lat' dir='ltr'><em>de</em></span> <span class='ocrx_word' id='word_1_220' title='bbox 1374 1993 1601 2043; x_wconf 82' lang='lat' dir='ltr'><em>Victoria</em></span> <span class='ocrx_word' id='word_1_221' title='bbox 1638 2011 1731 2043; x_wconf 90' lang='lat' dir='ltr'><em>sua</em></span> <span class='ocrx_word' id='word_1_222' title='bbox 1768 2009 1882 2059; x_wconf 77' lang='lat' dir='ltr'><em>gra-</em></span> 
     </span>
     <span class='ocr_line' id='line_1_28' title="bbox 25 2059 1884 2130; baseline -0.001 -18"><span class='ocrx_word' id='word_1_223' title='bbox 25 2060 187 2112; x_wconf 72' lang='lat' dir='ltr'><em>tiame</em></span> <span class='ocrx_word' id='word_1_224' title='bbox 237 2060 457 2129; x_wconf 82' lang='lat' dir='ltr'><em>ageretd</em></span> <span class='ocrx_word' id='word_1_225' title='bbox 506 2067 558 2111; x_wconf 88' lang='lat' dir='ltr'><em>et</em></span> <span class='ocrx_word' id='word_1_226' title='bbox 597 2059 836 2113; x_wconf 80' lang='lat' dir='ltr'><em>Saxones</em></span> <span class='ocrx_word' id='word_1_227' title='bbox 882 2062 938 2111; x_wconf 88' lang='lat' dir='ltr'><em>in</em></span> <span class='ocrx_word' id='word_1_228' title='bbox 974 2078 1165 2130; x_wconf 89' lang='lat' dir='ltr'><em>pacem</em></span> <span class='ocrx_word' id='word_1_229' title='bbox 1213 2069 1265 2112; x_wconf 93' lang='lat' dir='ltr'><em>et</em></span> <span class='ocrx_word' id='word_1_230' title='bbox 1299 2062 1522 2129; x_wconf 85' lang='lat' dir='ltr'><em>gratiam</em></span> <span class='ocrx_word' id='word_1_231' title='bbox 1562 2080 1710 2112; x_wconf 89' lang='lat' dir='ltr'><em>suam</em></span> <span class='ocrx_word' id='word_1_232' title='bbox 1749 2063 1884 2112; x_wconf 88' lang='lat' dir='ltr'><em>sicut</em></span> 
     </span>
     <span class='ocr_line' id='line_1_29' title="bbox 22 2127 1881 2199; baseline -0.001 -18"><span class='ocrx_word' id='word_1_233' title='bbox 22 2147 119 2181; x_wconf 82' lang='lat' dir='ltr'><em>rex</em></span> <span class='ocrx_word' id='word_1_234' title='bbox 157 2127 476 2182; x_wconf 86' lang='lat' dir='ltr'><em>christianus</em></span> <span class='ocrx_word' id='word_1_235' title='bbox 514 2130 789 2198; x_wconf 88' lang='lat' dir='ltr'><em>reciperet,</em></span> <span class='ocrx_word' id='word_1_236' title='bbox 828 2148 935 2181; x_wconf 91' lang='lat' dir='ltr'><em>non</em></span> <span class='ocrx_word' id='word_1_237' title='bbox 972 2131 1200 2199; x_wconf 70' lang='lat' dir='ltr'><em>accepit,</em></span> <span class='ocrx_word' id='word_1_238' title='bbox 1249 2130 1390 2198; x_wconf 90' lang='lat' dir='ltr'><em>quod</em></span> <span class='ocrx_word' id='word_1_239' title='bbox 1428 2149 1553 2182; x_wconf 85' lang='lat' dir='ltr'><em>vero</em></span> <span class='ocrx_word' id='word_1_240' title='bbox 1591 2132 1704 2199; x_wconf 92' lang='lat' dir='ltr'><em>ipse</em></span> <span class='ocrx_word' id='word_1_241' title='bbox 1742 2130 1881 2181; x_wconf 90' lang='lat' dir='ltr'><em>solus</em></span> 
     </span>
     <span class='ocr_line' id='line_1_30' title="bbox 25 2197 1871 2268; baseline -0.001 -17"><span class='ocrx_word' id='word_1_242' title='bbox 25 2197 251 2265; x_wconf 88' lang='lat' dir='ltr'><em>volebat,</em></span> <span class='ocrx_word' id='word_1_243' title='bbox 291 2205 350 2250; x_wconf 92' lang='lat' dir='ltr'><em>ut</em></span> <span class='ocrx_word' id='word_1_244' title='bbox 387 2199 561 2251; x_wconf 89' lang='lat' dir='ltr'><em>statim</em></span> <span class='ocrx_word' id='word_1_245' title='bbox 602 2208 820 2252; x_wconf 88' lang='lat' dir='ltr'><em>cunctos</em></span> <span class='ocrx_word' id='word_1_246' title='bbox 859 2217 985 2251; x_wconf 87' lang='lat' dir='ltr'><em>suae</em></span> <span class='ocrx_word' id='word_1_247' title='bbox 1022 2201 1266 2251; x_wconf 85' lang='lat' dir='ltr'><em>servituti</em></span> <span class='ocrx_word' id='word_1_248' title='bbox 1305 2199 1585 2266; x_wconf 83' lang='lat' dir='ltr'><em>subiceret,</em></span> <span class='ocrx_word' id='word_1_249' title='bbox 1630 2199 1696 2251; x_wconf 91' lang='lat' dir='ltr'><em>ad</em></span> <span class='ocrx_word' id='word_1_250' title='bbox 1734 2217 1871 2268; x_wconf 86' lang='lat' dir='ltr'><em>prae-</em></span> 
     </span>
     <span class='ocr_line' id='line_1_31' title="bbox 24 2267 1969 2338; baseline -0.001 -18"><span class='ocrx_word' id='word_1_251' title='bbox 24 2286 143 2320; x_wconf 82' lang='lat' dir='ltr'><em>sens</em></span> <span class='ocrx_word' id='word_1_252' title='bbox 181 2267 403 2338; x_wconf 90' lang='lat' dir='ltr'><em>implere</em></span> <span class='ocrx_word' id='word_1_253' title='bbox 440 2286 546 2320; x_wconf 91' lang='lat' dir='ltr'><em>non</em></span> <span class='ocrx_word' id='word_1_254' title='bbox 582 2270 769 2337; x_wconf 88' lang='lat' dir='ltr'><em>potuit.</em></span> <span class='ocrx_word' id='word_1_255' title='bbox 843 2269 980 2321; x_wconf 88' lang='lat' dir='ltr'><em>Nam</em></span> <span class='ocrx_word' id='word_1_256' title='bbox 1026 2287 1124 2320; x_wconf 90' lang='lat' dir='ltr'><em>nec</em></span> <span class='ocrx_word' id='word_1_257' title='bbox 1166 2269 1435 2338; x_wconf 86' lang='lat' dir='ltr'><em>principes</em></span> <span class='ocrx_word' id='word_1_258' title='bbox 1475 2287 1654 2320; x_wconf 91' lang='lat' dir='ltr'><em>omnes</em></span> <span class='ocrx_word' id='word_1_259' title='bbox 1693 2286 1880 2337; x_wconf 88' lang='lat' dir='ltr'><em>capere</em></span> <span class='ocrx_word' id='word_1_260' title='bbox 1898 2279 1969 2312; x_wconf 86' lang='lat' dir='ltr'><em>Iul-</em></span> 
     </span>
     <span class='ocr_line' id='line_1_32' title="bbox 20 2336 1878 2408; baseline 0 -20"><span class='ocrx_word' id='word_1_261' title='bbox 20 2336 246 2403; x_wconf 85' lang='lat' dir='ltr'><em>valebat,</em></span> <span class='ocrx_word' id='word_1_262' title='bbox 287 2339 413 2407; x_wconf 90' lang='lat' dir='ltr'><em>quia</em></span> <span class='ocrx_word' id='word_1_263' title='bbox 449 2357 545 2408; x_wconf 91' lang='lat' dir='ltr'><em>per</em></span> <span class='ocrx_word' id='word_1_264' title='bbox 581 2339 792 2390; x_wconf 84' lang='lat' dir='ltr'><em>diversa</em></span> <span class='ocrx_word' id='word_1_265' title='bbox 829 2338 1055 2408; x_wconf 89' lang='lat' dir='ltr'><em>dispersi</em></span> <span class='ocrx_word' id='word_1_266' title='bbox 1078 2338 1299 2405; x_wconf 88' lang='lat' dir='ltr'><em>fuerant,</em></span> <span class='ocrx_word' id='word_1_267' title='bbox 1338 2357 1436 2390; x_wconf 89' lang='lat' dir='ltr'><em>nec</em></span> <span class='ocrx_word' id='word_1_268' title='bbox 1472 2339 1563 2390; x_wconf 89' lang='lat' dir='ltr'><em>diu</em></span> <span class='ocrx_word' id='word_1_269' title='bbox 1589 2357 1709 2391; x_wconf 85' lang='lat' dir='ltr'><em>cum</em></span> <span class='ocrx_word' id='word_1_270' title='bbox 1737 2356 1878 2389; x_wconf 82' lang='lat' dir='ltr'><em>exer-</em></span> 
     </span>
     <span class='ocr_line' id='line_1_33' title="bbox 25 2407 1878 2478; baseline 0 -20"><span class='ocrx_word' id='word_1_271' title='bbox 25 2407 134 2459; x_wconf 88' lang='lat' dir='ltr'><em>citu</em></span> <span class='ocrx_word' id='word_1_272' title='bbox 178 2408 235 2458; x_wconf 91' lang='lat' dir='ltr'><em>in</em></span> <span class='ocrx_word' id='word_1_273' title='bbox 280 2407 380 2458; x_wconf 84' lang='lat' dir='ltr'><em>hac</em></span> <span class='ocrx_word' id='word_1_274' title='bbox 424 2414 564 2460; x_wconf 87' lang='lat' dir='ltr'><em>terra</em></span> <span class='ocrx_word' id='word_1_275' title='bbox 609 2426 821 2460; x_wconf 89' lang='lat' dir='ltr'><em>manere</em></span> <span class='ocrx_word' id='word_1_276' title='bbox 870 2409 1068 2478; x_wconf 89' lang='lat' dir='ltr'><em>potuit,</em></span> <span class='ocrx_word' id='word_1_277' title='bbox 1130 2410 1255 2478; x_wconf 90' lang='lat' dir='ltr'><em>quia</em></span> <span class='ocrx_word' id='word_1_278' title='bbox 1302 2408 1468 2460; x_wconf 89' lang='lat' dir='ltr'><em>fames</em></span> <span class='ocrx_word' id='word_1_279' title='bbox 1514 2409 1569 2459; x_wconf 91' lang='lat' dir='ltr'><em>in</em></span> <span class='ocrx_word' id='word_1_280' title='bbox 1617 2407 1704 2458; x_wconf 91' lang='lat' dir='ltr'><em>illo</em></span> <span class='ocrx_word' id='word_1_281' title='bbox 1743 2424 1878 2458; x_wconf 91' lang='lat' dir='ltr'><em>anno</em></span> 
     </span>
     <span class='ocr_line' id='line_1_34' title="bbox 22 2475 1879 2546; baseline -0.001 -18"><span class='ocrx_word' id='word_1_282' title='bbox 22 2475 179 2529; x_wconf 86' lang='lat' dir='ltr'><em>nobis</em></span> <span class='ocrx_word' id='word_1_283' title='bbox 225 2484 352 2529; x_wconf 90' lang='lat' dir='ltr'><em>tunc</em></span> <span class='ocrx_word' id='word_1_284' title='bbox 389 2476 530 2529; x_wconf 87' lang='lat' dir='ltr'><em>utilis</em></span> <span class='ocrx_word' id='word_1_285' title='bbox 566 2477 762 2544; x_wconf 88' lang='lat' dir='ltr'><em>fuerat,</em></span> <span class='ocrx_word' id='word_1_286' title='bbox 818 2487 869 2530; x_wconf 91' lang='lat' dir='ltr'><em>et</em></span> <span class='ocrx_word' id='word_1_287' title='bbox 905 2476 1073 2529; x_wconf 75' lang='lat' dir='ltr'><em>Iulius</em></span> <span class='ocrx_word' id='word_1_288' title='bbox 1111 2478 1306 2529; x_wconf 88' lang='lat' dir='ltr'><em>mensis</em></span> <span class='ocrx_word' id='word_1_289' title='bbox 1343 2477 1521 2546; x_wconf 89' lang='lat' dir='ltr'><em>fruges</em></span> <span class='ocrx_word' id='word_1_290' title='bbox 1560 2477 1730 2528; x_wconf 89' lang='lat' dir='ltr'><em>adhuc</em></span> <span class='ocrx_word' id='word_1_291' title='bbox 1775 2494 1879 2526; x_wconf 87' lang='lat' dir='ltr'><em>ma-</em></span> 
     </span>
     <span class='ocr_line' id='line_1_35' title="bbox 22 2546 1879 2616; baseline -0.002 -18"><span class='ocrx_word' id='word_1_292' title='bbox 22 2555 169 2598; x_wconf 86' lang='lat' dir='ltr'><em>turas</em></span> <span class='ocrx_word' id='word_1_293' title='bbox 208 2564 315 2599; x_wconf 91' lang='lat' dir='ltr'><em>non</em></span> <span class='ocrx_word' id='word_1_294' title='bbox 352 2546 660 2614; x_wconf 72' lang='lat' dir='ltr'><em>exhibebat,</em></span> <span class='ocrx_word' id='word_1_295' title='bbox 716 2565 813 2599; x_wconf 91' lang='lat' dir='ltr'><em>nec</em></span> <span class='ocrx_word' id='word_1_296' title='bbox 851 2565 978 2600; x_wconf 82' lang='lat' dir='ltr'><em>vero</em></span> <span class='ocrx_word' id='word_1_297' title='bbox 1025 2554 1196 2599; x_wconf 81' lang='lat' dir='ltr'><em>tutum</em></span> <span class='ocrx_word' id='word_1_298' title='bbox 1234 2547 1457 2616; x_wconf 89' lang='lat' dir='ltr'><em>putabat</em></span> <span class='ocrx_word' id='word_1_299' title='bbox 1494 2548 1604 2597; x_wconf 91' lang='lat' dir='ltr'><em>sine</em></span> <span class='ocrx_word' id='word_1_300' title='bbox 1642 2547 1879 2597; x_wconf 81' lang='lat' dir='ltr'><em>exercitu</em></span> 
     </span>
     <span class='ocr_line' id='line_1_36' title="bbox 22 2615 1877 2687; baseline -0.002 -19"><span class='ocrx_word' id='word_1_301' title='bbox 22 2623 148 2668; x_wconf 78' lang='lat' dir='ltr'><em>tunc</em></span> <span class='ocrx_word' id='word_1_302' title='bbox 191 2617 247 2667; x_wconf 89' lang='lat' dir='ltr'><em>in</em></span> <span class='ocrx_word' id='word_1_303' title='bbox 285 2616 519 2669; x_wconf 82' lang='lat' dir='ltr'><em>Saxonia</em></span> <span class='ocrx_word' id='word_1_304' title='bbox 567 2635 855 2668; x_wconf 89' lang='lat' dir='ltr'><em>remanere.</em></span> <span class='ocrx_word' id='word_1_305' title='bbox 928 2616 1079 2671; x_wconf 81' lang='lat' dir='ltr'><em>Abiit</em></span> <span class='ocrx_word' id='word_1_306' title='bbox 1123 2635 1250 2687; x_wconf 89' lang='lat' dir='ltr'><em>ergo</em></span> <span class='ocrx_word' id='word_1_307' title='bbox 1296 2635 1415 2668; x_wconf 91' lang='lat' dir='ltr'><em>cum</em></span> <span class='ocrx_word' id='word_1_308' title='bbox 1461 2625 1568 2667; x_wconf 88' lang='lat' dir='ltr'><em>toto</em></span> <span class='ocrx_word' id='word_1_309' title='bbox 1625 2615 1877 2679; x_wconf 79' lang='lat' dir='ltr'><em>exercitu,</em></span> 
     </span>
     <span class='ocr_line' id='line_1_37' title="bbox 24 2685 1877 2756; baseline -0.003 -18"><span class='ocrx_word' id='word_1_310' title='bbox 24 2693 77 2738; x_wconf 84' lang='lat' dir='ltr'><em>et</em></span> <span class='ocrx_word' id='word_1_311' title='bbox 115 2685 402 2738; x_wconf 84' lang='lat' dir='ltr'><em>Saxoniam</em></span> <span class='ocrx_word' id='word_1_312' title='bbox 454 2687 594 2738; x_wconf 89' lang='lat' dir='ltr'><em>sicut</em></span> <span class='ocrx_word' id='word_1_313' title='bbox 639 2688 788 2756; x_wconf 89' lang='lat' dir='ltr'><em>prius</em></span> <span class='ocrx_word' id='word_1_314' title='bbox 825 2686 1011 2739; x_wconf 88' lang='lat' dir='ltr'><em>habuit</em></span> <span class='ocrx_word' id='word_1_315' title='bbox 1044 2687 1100 2737; x_wconf 92' lang='lat' dir='ltr'><em>in</em></span> <span class='ocrx_word' id='word_1_316' title='bbox 1137 2687 1354 2738; x_wconf 86' lang='lat' dir='ltr'><em>incertO.</em></span> <span class='ocrx_word' id='word_1_317' title='bbox 1426 2685 1562 2736; x_wconf 87' lang='lat' dir='ltr'><em>Nam</em></span> <span class='ocrx_word' id='word_1_318' title='bbox 1599 2691 1877 2753; x_wconf 88' lang='lat' dir='ltr'><em>postquam</em></span> 
     </span>
     <span class='ocr_line' id='line_1_38' title="bbox 20 2752 1876 2825; baseline -0.002 -20"><span class='ocrx_word' id='word_1_319' title='bbox 20 2757 265 2821; x_wconf 79' lang='lat' dir='ltr'><em>recessit,</em></span> <span class='ocrx_word' id='word_1_320' title='bbox 313 2755 553 2808; x_wconf 83' lang='lat' dir='ltr'><em>Saxones</em></span> <span class='ocrx_word' id='word_1_321' title='bbox 590 2757 781 2807; x_wconf 88' lang='lat' dir='ltr'><em>iterum</em></span> <span class='ocrx_word' id='word_1_322' title='bbox 820 2765 1231 2825; x_wconf 87' lang='lat' dir='ltr'><em>congregantur,</em></span> <span class='ocrx_word' id='word_1_323' title='bbox 1281 2756 1562 2823; x_wconf 89' lang='lat' dir='ltr'><em>Deumque</em></span> <span class='ocrx_word' id='word_1_324' title='bbox 1601 2752 1741 2822; x_wconf 88' lang='lat' dir='ltr'><em>quod</em></span> <span class='ocrx_word' id='word_1_325' title='bbox 1788 2769 1876 2804; x_wconf 92' lang='lat' dir='ltr'><em>eos</em></span> 
     </span>
     <span class='ocr_line' id='line_1_39' title="bbox 21 2820 1876 2895; baseline -0.002 -20"><span class='ocrx_word' id='word_1_326' title='bbox 21 2826 433 2877; x_wconf 88' lang='lat' dir='ltr'><em>misericorditer</em></span> <span class='ocrx_word' id='word_1_327' title='bbox 469 2826 735 2895; x_wconf 86' lang='lat' dir='ltr'><em>castigans</em></span> <span class='ocrx_word' id='word_1_328' title='bbox 771 2843 878 2876; x_wconf 90' lang='lat' dir='ltr'><em>non</em></span> <span class='ocrx_word' id='word_1_329' title='bbox 915 2827 1125 2895; x_wconf 90' lang='lat' dir='ltr'><em>penitus</em></span> <span class='ocrx_word' id='word_1_330' title='bbox 1164 2824 1391 2894; x_wconf 89' lang='lat' dir='ltr'><em>opprimi</em></span> <span class='ocrx_word' id='word_1_331' title='bbox 1427 2823 1747 2893; x_wconf 83' lang='lat' dir='ltr'><em>permiserit,</em></span> <span class='ocrx_word' id='word_1_332' title='bbox 1786 2820 1876 2872; x_wconf 92' lang='lat' dir='ltr'><em>hu-</em></span> 
     </span>
     <span class='ocr_line' id='line_1_40' title="bbox 20 2891 1877 2962; baseline -0.003 -17"><span class='ocrx_word' id='word_1_333' title='bbox 20 2893 136 2945; x_wconf 87' lang='lat' dir='ltr'><em>mili</em></span> <span class='ocrx_word' id='word_1_334' title='bbox 172 2894 452 2947; x_wconf 86' lang='lat' dir='ltr'><em>devotione</em></span> <span class='ocrx_word' id='word_1_335' title='bbox 490 2894 806 2960; x_wconf 85' lang='lat' dir='ltr'><em>collaudant,</em></span> <span class='ocrx_word' id='word_1_336' title='bbox 845 2904 897 2946; x_wconf 92' lang='lat' dir='ltr'><em>et</em></span> <span class='ocrx_word' id='word_1_337' title='bbox 933 2914 987 2946; x_wconf 92' lang='lat' dir='ltr'><em>se</em></span> <span class='ocrx_word' id='word_1_338' title='bbox 1026 2896 1253 2946; x_wconf 78' lang='lat' dir='ltr'><em>invicem</em></span> <span class='ocrx_word' id='word_1_339' title='bbox 1281 2900 1535 2962; x_wconf 89' lang='lat' dir='ltr'><em>quatenus</em></span> <span class='ocrx_word' id='word_1_340' title='bbox 1562 2891 1877 2942; x_wconf 86' lang='lat' dir='ltr'><em>unanimiter</em></span> 
     </span>
     <span class='ocr_line' id='line_1_41' title="bbox 22 2960 1875 3033; baseline -0.004 -18"><span class='ocrx_word' id='word_1_341' title='bbox 22 2982 120 3033; x_wconf 88' lang='lat' dir='ltr'><em>pro</em></span> <span class='ocrx_word' id='word_1_342' title='bbox 168 2982 265 3016; x_wconf 87' lang='lat' dir='ltr'><em>sua</em></span> <span class='ocrx_word' id='word_1_343' title='bbox 306 2963 548 3017; x_wconf 87' lang='lat' dir='ltr'><em>libertate</em></span> <span class='ocrx_word' id='word_1_344' title='bbox 591 2972 703 3017; x_wconf 87' lang='lat' dir='ltr'><em>tota</em></span> <span class='ocrx_word' id='word_1_345' title='bbox 738 2965 931 3017; x_wconf 88' lang='lat' dir='ltr'><em>virtute</em></span> <span class='ocrx_word' id='word_1_346' title='bbox 973 2972 1213 3033; x_wconf 85' lang='lat' dir='ltr'><em>pugnent</em></span> <span class='ocrx_word' id='word_1_347' title='bbox 1249 2962 1614 3026; x_wconf 83' lang='lat' dir='ltr'><em>adhortantur3</em></span> <span class='ocrx_word' id='word_1_348' title='bbox 1667 2960 1875 3027; x_wconf 88' lang='lat' dir='ltr'><em>Deique</em></span> 
     </span>
     <span class='ocr_line' id='line_1_42' title="bbox 22 3030 1874 3091; baseline -0.004 -7"><span class='ocrx_word' id='word_1_349' title='bbox 22 3033 438 3086; x_wconf 86' lang='lat' dir='ltr'><em>misericordiam</em></span> <span class='ocrx_word' id='word_1_350' title='bbox 485 3053 592 3086; x_wconf 90' lang='lat' dir='ltr'><em>non</em></span> <span class='ocrx_word' id='word_1_351' title='bbox 638 3054 706 3086; x_wconf 83' lang='lat' dir='ltr'><em>ex</em></span> <span class='ocrx_word' id='word_1_352' title='bbox 753 3041 862 3086; x_wconf 83' lang='lat' dir='ltr'><em>toto</em></span> <span class='ocrx_word' id='word_1_353' title='bbox 912 3035 1014 3085; x_wconf 89' lang='lat' dir='ltr'><em>sibi</em></span> <span class='ocrx_word' id='word_1_354' title='bbox 1064 3032 1323 3084; x_wconf 88' lang='lat' dir='ltr'><em>sublatam</em></span> <span class='ocrx_word' id='word_1_355' title='bbox 1362 3031 1515 3082; x_wconf 74' lang='lat' dir='ltr'><em>indee</em></span> <span class='ocrx_word' id='word_1_356' title='bbox 1564 3030 1874 3091; x_wconf 87' lang='lat' dir='ltr'><em>coniectant,</em></span> 
     </span>
     <span class='ocr_line' id='line_1_43' title="bbox 26 3097 1873 3173; baseline -0.005 -19"><span class='ocrx_word' id='word_1_357' title='bbox 26 3103 184 3173; x_wconf 80' lang='lat' dir='ltr'><em>quiaf</em></span> <span class='ocrx_word' id='word_1_358' title='bbox 233 3106 384 3172; x_wconf 89' lang='lat' dir='ltr'><em>quasi</em></span> <span class='ocrx_word' id='word_1_359' title='bbox 431 3112 654 3173; x_wconf 87' lang='lat' dir='ltr'><em>paterna</em></span> <span class='ocrx_word' id='word_1_360' title='bbox 701 3104 897 3172; x_wconf 84' lang='lat' dir='ltr'><em>pietate</em></span> <span class='ocrx_word' id='word_1_361' title='bbox 942 3102 1215 3171; x_wconf 85' lang='lat' dir='ltr'><em>flagellati,</em></span> <span class='ocrx_word' id='word_1_362' title='bbox 1270 3101 1338 3152; x_wconf 88' lang='lat' dir='ltr'><em>ad</em></span> <span class='ocrx_word' id='word_1_363' title='bbox 1381 3098 1738 3168; x_wconf 89' lang='lat' dir='ltr'><em>recipiendam</em></span> <span class='ocrx_word' id='word_1_364' title='bbox 1776 3097 1873 3146; x_wconf 87' lang='lat' dir='ltr'><em>vir-</em></span> 
     </span>
     <span class='ocr_line' id='line_1_44' title="bbox 23 3173 1604 3243; baseline -0.004 -19"><span class='ocrx_word' id='word_1_365' title='bbox 23 3180 189 3225; x_wconf 88' lang='lat' dir='ltr'><em>tutem</em></span> <span class='ocrx_word' id='word_1_366' title='bbox 227 3173 465 3225; x_wconf 88' lang='lat' dir='ltr'><em>discessu</em></span> <span class='ocrx_word' id='word_1_367' title='bbox 501 3174 641 3243; x_wconf 83' lang='lat' dir='ltr'><em>regis</em></span> <span class='ocrx_word' id='word_1_368' title='bbox 680 3181 996 3242; x_wconf 84' lang='lat' dir='ltr'><em>oportunum</em></span> <span class='ocrx_word' id='word_1_369' title='bbox 1034 3182 1242 3239; x_wconf 86' lang='lat' dir='ltr'><em>tempus</em></span> <span class='ocrx_word' id='word_1_370' title='bbox 1279 3176 1604 3238; x_wconf 88' lang='lat' dir='ltr'><em>acceperant.</em></span> 
     </span>
    </p>
   </div>
   <div class='ocr_carea' id='block_1_3' title="bbox 19 3283 1874 3382">
    <p class='ocr_par' dir='ltr' id='par_1_5' title="bbox 19 3283 1874 3382">
     <span class='ocr_line' id='line_1_45' title="bbox 22 3283 1874 3334; baseline -0.005 -11"><span class='ocrx_word' id='word_1_371' title='bbox 22 3294 62 3333; x_wconf 78' lang='lat' dir='ltr'><em>a)</em></span> <span class='ocrx_word' id='word_1_372' title='bbox 88 3293 124 3324; x_wconf 84' lang='lat' dir='ltr'><em>h.</em></span> <span class='ocrx_word' id='word_1_373' title='bbox 153 3294 257 3333; x_wconf 87' lang='lat' dir='ltr'><em>piam</em></span> <span class='ocrx_word' id='word_1_374' title='bbox 285 3302 345 3333; x_wconf 86' lang='lat' dir='ltr'><em>op.</em></span> <span class='ocrx_word' id='word_1_375' title='bbox 374 3294 407 3326; x_wconf 83' lang='lat'><em>2.</em></span> <span class='ocrx_word' id='word_1_376' title='bbox 509 3291 548 3334; x_wconf 94' lang='lat' dir='ltr'><em>b)</em></span> <span class='ocrx_word' id='word_1_377' title='bbox 577 3293 782 3324; x_wconf 85' lang='lat' dir='ltr'><em>Meinfrido</em></span> <span class='ocrx_word' id='word_1_378' title='bbox 823 3294 857 3325; x_wconf 80' lang='lat'><em>1.</em></span> <span class='ocrx_word' id='word_1_379' title='bbox 885 3292 916 3329; x_wconf 78' lang='lat'><em>2,</em></span> <span class='ocrx_word' id='word_1_380' title='bbox 944 3292 1004 3322; x_wconf 79' lang='lat' dir='ltr'><em>sed</em></span> <span class='ocrx_word' id='word_1_381' title='bbox 1029 3290 1131 3329; x_wconf 80' lang='lat' dir='ltr'><em>infra</em></span> <span class='ocrx_word' id='word_1_382' title='bbox 1157 3299 1186 3321; x_wconf 81' lang='lat' dir='ltr'><em>c.</em></span> <span class='ocrx_word' id='word_1_383' title='bbox 1216 3290 1300 3320; x_wconf 77' lang='lat'><em>117.</em></span> <span class='ocrx_word' id='word_1_384' title='bbox 1327 3287 1503 3326; x_wconf 81' lang='lat' dir='ltr'><em>Meginfr.</em></span> <span class='ocrx_word' id='word_1_385' title='bbox 1532 3287 1564 3318; x_wconf 81' lang='lat'><em>2.</em></span> <span class='ocrx_word' id='word_1_386' title='bbox 1665 3285 1698 3324; x_wconf 83' lang='lat' dir='ltr'><em>c)</em></span> <span class='ocrx_word' id='word_1_387' title='bbox 1726 3286 1775 3315; x_wconf 78' lang='lat' dir='ltr'><em>ita</em></span> <span class='ocrx_word' id='word_1_388' title='bbox 1802 3283 1874 3321; x_wconf 80' lang='lat' dir='ltr'><em>ed.;</em></span> 
     </span>
     <span class='ocr_line' id='line_1_46' title="bbox 19 3333 1742 3382; baseline -0.005 -9"><span class='ocrx_word' id='word_1_389' title='bbox 19 3339 124 3381; x_wconf 65' lang='lat' dir='ltr'><em>§Tam</em></span> <span class='ocrx_word' id='word_1_390' title='bbox 150 3343 172 3375; x_wconf 81' lang='lat' dir='ltr'><em>i.</em></span> <span class='ocrx_word' id='word_1_391' title='bbox 200 3351 228 3373; x_wconf 84' lang='lat' dir='ltr'><em>e.</em></span> <span class='ocrx_word' id='word_1_392' title='bbox 259 3342 420 3380; x_wconf 86' lang='lat' dir='ltr'><em>gloriam</em></span> <span class='ocrx_word' id='word_1_393' title='bbox 448 3344 481 3374; x_wconf 87' lang='lat'><em>1.</em></span> <span class='ocrx_word' id='word_1_394' title='bbox 583 3340 621 3382; x_wconf 90' lang='lat' dir='ltr'><em>d)</em></span> <span class='ocrx_word' id='word_1_395' title='bbox 651 3342 758 3372; x_wconf 85' lang='lat' dir='ltr'><em>daret</em></span> <span class='ocrx_word' id='word_1_396' title='bbox 783 3350 875 3374; x_wconf 80' lang='lat' dir='ltr'><em>corr.</em></span> <span class='ocrx_word' id='word_1_397' title='bbox 903 3343 1034 3378; x_wconf 86' lang='lat' dir='ltr'><em>ageret</em></span> <span class='ocrx_word' id='word_1_398' title='bbox 1061 3341 1092 3371; x_wconf 92' lang='lat'><em>1.</em></span> <span class='ocrx_word' id='word_1_399' title='bbox 1197 3336 1232 3378; x_wconf 92' lang='lat' dir='ltr'><em>e)</em></span> <span class='ocrx_word' id='word_1_400' title='bbox 1260 3337 1361 3368; x_wconf 87' lang='lat' dir='ltr'><em>idem</em></span> <span class='ocrx_word' id='word_1_401' title='bbox 1390 3338 1422 3368; x_wconf 85' lang='grc'><em>1.</em></span> <span class='ocrx_word' id='word_1_402' title='bbox 1524 3333 1554 3374; x_wconf 84' lang='lat' dir='ltr'><em>f)</em></span> <span class='ocrx_word' id='word_1_403' title='bbox 1583 3334 1682 3372; x_wconf 90' lang='lat' dir='ltr'><em>quod</em></span> <span class='ocrx_word' id='word_1_404' title='bbox 1710 3334 1742 3364; x_wconf 81' lang='lat'><em>2.</em></span> 
     </span>
    </p>
   </div>
   <div class='ocr_carea' id='block_1_4' title="bbox 24 3423 1868 3489">
    <p class='ocr_par' dir='ltr' id='par_1_6' title="bbox 24 3423 1868 3489">
     <span class='ocr_line' id='line_1_47' title="bbox 24 3423 1868 3489; baseline -0.007 -15"><span class='ocrx_word' id='word_1_405' title='bbox 24 3434 71 3489; x_wconf 91' lang='lat'><em>1)</em></span> <span class='ocrx_word' id='word_1_406' title='bbox 105 3434 224 3477; x_wconf 75' lang='lat' dir='ltr'><em>Hinc</em></span> <span class='ocrx_word' id='word_1_407' title='bbox 239 3440 380 3489; x_wconf 79' lang='lat' dir='ltr'><em>patet,</em></span> <span class='ocrx_word' id='word_1_408' title='bbox 411 3435 668 3476; x_wconf 73' lang='lat' dir='ltr'><em>Brunonem</em></span> <span class='ocrx_word' id='word_1_409' title='bbox 693 3434 805 3475; x_wconf 75' lang='lat' dir='ltr'><em>inter</em></span> <span class='ocrx_word' id='word_1_410' title='bbox 826 3432 999 3474; x_wconf 69' lang='lat' dir='ltr'><em>clericos</em></span> <span class='ocrx_word' id='word_1_411' title='bbox 1025 3429 1341 3483; x_wconf 76' lang='lat' dir='ltr'><em>archiepiscopi</em></span> <span class='ocrx_word' id='word_1_412' title='bbox 1351 3427 1605 3481; x_wconf 77' lang='lat' dir='ltr'><em>familiares</em></span> <span class='ocrx_word' id='word_1_413' title='bbox 1615 3425 1774 3480; x_wconf 75' lang='lat' dir='ltr'><em>fuisse.</em></span> <span class='ocrx_word' id='word_1_414' title='bbox 1817 3423 1868 3462; x_wconf 91' lang='lat' dir='ltr'><em>P.</em></span> 
     </span>
    </p>
   </div>
   <div class='ocr_carea' id='block_1_5' title="bbox 1437 3497 1506 3548">
    <p class='ocr_par' dir='ltr' id='par_1_7' title="bbox 1437 3497 1506 3548">
     <span class='ocr_line' id='line_1_48' title="bbox 1437 3497 1506 3548; baseline 0 -22"><span class='ocrx_word' id='word_1_415' title='bbox 1437 3497 1506 3548; x_wconf 59' lang='lat' dir='ltr'><em>3ss</em></span> 
     </span>
    </p>
   </div>
  </div>
 </body>
</html>
