2204 3765
270 101 328 140 80
748 100 948 141 BRUNO
978 100 1058 139 DE
1092 99 1292 140 BELLO
1329 99 1646 141 SAXONICO.

146 256 251 291 1077.
272 239 494 304 videtur,
536 240 630 290 lzoc
657 237 838 289 saltem
869 245 1058 303 cavete,
1097 256 1161 288 ne
1201 239 1294 289 lioc
1322 239 1464 306 quod
1495 239 1606 289 iam
1627 237 1861 306 fecistis,
1899 239 2120 290 irritum

146 1163 250 1194 1078.

255 309 387 376 fieri
422 310 769 377 permittatis.
855 307 1002 357 Nam
1053 308 1103 357 si
1157 308 1252 358 hoc
1302 307 1445 375 quod
1487 310 1549 359 in
1613 308 1817 376 synodo
1864 308 2118 359 Romana

271 378 566 446 diffinitum
609 385 654 427 et
683 384 810 445 post
857 384 923 426 aa
972 376 1147 445 legato
1195 376 1336 427 sedis
1375 376 1700 445 apostolicae
1749 378 2121 443 confirmatum

269 456 358 511 est,
387 447 598 498 silentio
626 447 833 514 conteqi
858 453 1025 513 etpro
1053 445 1252 497 nichilo
1282 446 1469 496 baberi
1495 453 1710 514 oportet,
1739 446 1870 514 quid
1886 447 2118 514 posthac

269 518 424 568 nobis
464 515 787 566 credendum
824 515 902 566 vel
931 534 1037 583 pro
1075 523 1194 566 rato
1236 515 1537 566 habendum
1575 516 1659 580 sit,
1705 517 1923 567 omnino
1959 517 2116 584 iqno-

268 606 471 637 ramus.
547 585 661 636 Hoc
701 586 982 635 sanctitati
1017 593 1222 635 vestrae
1260 604 1601 654 nequaquam
1641 592 1981 654 arroganter,
2027 584 2121 637 secl

268 658 324 706 in
370 655 738 705 amaritudine
779 655 994 705 animae
1033 662 1249 706 nostrae
1286 653 1450 706 locuti
1486 672 1686 720 sumus,
1733 655 1864 721 quia
1902 672 2011 705 non
2049 662 2123 705 est

270 725 423 776 dolor
460 724 652 774 similis
690 726 827 775 sicut
864 723 1019 774 dolor
1055 731 1249 775 noster.
1314 724 1444 776 Cum
1469 725 1610 775 enim
1637 742 1743 790 per
1770 724 2123 776 obedientiam
2187 785 2190 790 ¹

261 795 507 863 pastoris
547 793 797 861 luporum
821 793 1091 860 faucibus
1131 795 1361 861 empositi
1397 795 1579 858 simus,
1618 795 1667 844 si
1704 794 1862 844 etiam
1900 794 1963 844 ab
2001 794 2121 860 ipso

262 871 484 932 pastore
538 864 689 914 nobis
729 862 1028 913 cavendum
1066 870 1163 927 est,
1206 863 1620 914 miserabiliores
1657 881 1842 913 sumus
1881 863 2123 914 omnibus

269 935 412 985 homi
419 933 590 983 nibus.
627 933 778 983 Deus
807 940 982 983 autem
1011 934 1342 1000 omnipotens
1368 935 1426 984 in
1455 932 1609 983 talem
1629 932 1795 982 zelum
1820 951 1912 984 vos
1935 941 2124 984 contra

268 1004 518 1054 inimicos
544 1002 744 1055 Clzristi
769 1003 959 1071 eriqat,
989 1009 1251 1070 quatenus
1277 1002 1375 1054 illa
1402 1022 1564 1070 quam
1588 1003 1649 1053 in
1675 1003 1820 1053 vobis
1837 1003 2123 1070 posuimus

271 1092 390 1142 spes
429 1091 528 1123 nos
566 1091 674 1123 non
715 1071 1036 1139 confundat.

412 1142 526 1193 109.
586 1141 672 1193 Ad
711 1159 841 1210 quas
877 1140 1075 1193 litteras
1102 1159 1224 1191 cum
1260 1139 1461 1192 nullum
1499 1159 1595 1209 pro
1621 1140 1756 1192 velle
1783 1158 1877 1192 suo
1906 1158 2122 1210 respon-

271 1230 387 1262 sum
437 1211 789 1281 accepissent,
836 1209 929 1261 has
978 1212 1025 1262 ei
1071 1209 1270 1261 litteras
1322 1212 1511 1262 iterum
1548 1211 1854 1275 miseruntl,
1902 1218 1961 1262 ut
1998 1211 2124 1280 quia

269 1299 373 1332 non
419 1282 589 1350 primo
639 1282 790 1350 quasi
836 1279 961 1348 galli
1011 1287 1191 1345 cantu,
1241 1281 1377 1330 sicut
1420 1281 1711 1331 secundum
1746 1280 1988 1331 Marcum
2024 1297 2123 1332 nec

269 1352 456 1402 Petrus
514 1360 593 1402 est
648 1351 933 1413 excitatus,
992 1348 1176 1400 saltem
1236 1366 1355 1399 cum
1413 1348 1673 1414 secundo,
1738 1350 1889 1417 quasi
1936 1348 2121 1418 gallus,

270 1420 497 1489 populus
548 1419 802 1471 ecclesiae
851 1437 1039 1471 vocem
1090 1418 1262 1483 daret,
1318 1437 1350 1469 a
1398 1427 1610 1488 torpore
1668 1418 2008 1471 dubitationis
2057 1419 2126 1471 ad

271 1490 616 1541 constantiam
654 1490 798 1541 Petri
835 1506 952 1539 cum
989 1489 1145 1540 Petro
1185 1489 1466 1540 suscitatus
1505 1496 1807 1557 exurgeret:

414 1561 529 1611 110.
617 1560 830 1611 Domno
892 1578 1011 1610 vere
1076 1558 1368 1626 apostolico
1431 1557 1717 1628 Greqoriffi
1787 1559 1927 1610 beati
1980 1558 2127 1611 Petri

257 1628 449 1698 fideles
476 1638 521 1680 et
547 1631 649 1695 sui,
678 1631 919 1681 devotum
939 1648 1044 1697 pro
1071 1629 1280 1680 viribus
1308 1629 1625 1698 obsequium.
1669 1629 1839 1681 Novit
1862 1631 2125 1680 sanctitas

270 1708 444 1752 vestra
473 1707 519 1751 et
546 1700 788 1751 omnibus
817 1701 1234 1767 circumquaque
1260 1706 1444 1750 notum
1469 1706 1558 1763 est,
1598 1718 1758 1767 quam
1798 1697 2124 1766 difficulter„

273 1777 575 1839 quantoque
622 1769 930 1821 baiulorum
980 1769 1295 1820 discrimine
1343 1766 1637 1838 leqationes
1689 1769 1763 1820 ad
1804 1787 1896 1820 vos
1943 1775 2123 1820 trans-

270 1842 545 1905 mittimus,
573 1842 706 1908 quia
732 1841 833 1890 iter
859 1839 1000 1907 quod
1021 1839 1266 1890 omnibus
1287 1838 1612 1907 temporibus
1635 1838 1877 1890 omnibus
1887 1837 2126 1907 populis,

271 1910 512 1961 tribubus
550 1918 595 1961 et
626 1910 835 1978 linquis
873 1916 1118 1977 apertum
1138 1908 1262 1977 fuit
1297 1916 1343 1960 et
1370 1909 1640 1976 pervium,
1679 1927 1826 1959 nunc
1852 1908 2131 1959 clauditur

273 1987 318 2031 et
347 1980 686 2049 prohibetur,
725 1987 771 2030 et
809 1978 920 2029 illis
945 1980 1177 2029 maoeime
1217 1980 1312 2048 qui
1348 1998 1456 2030 non
1493 1979 1774 2029 minimum
1792 1996 1899 2046 pro
1928 1979 2126 2030 honore

271 2049 421 2102 illius
447 2049 849 2113 laboraverunt,
886 2048 960 2099 ad
985 2049 1140 2099 cuius
1167 2067 1363 2117 corpus
1389 2048 1571 2099 eadem
1596 2050 1690 2100 via
1717 2047 1878 2099 ducit.
1950 2047 2126 2100 Vestro

271 2138 394 2171 vero
435 2119 628 2170 leonori
664 2127 710 2169 et
747 2126 964 2171 nostrae
1002 2119 1304 2170 necessitati
1341 2125 1680 2187 conqrueret,
1730 2125 1789 2168 ut
1826 2117 1970 2187 quool
2007 2137 2126 2170 cum

272 2197 429 2240 tanta
467 2189 787 2257 difficultate
816 2195 1216 2256 perpetramus,
1259 2188 1474 2257 aliquid
1511 2188 1662 2239 nobis
1698 2187 1826 2239 inde
1856 2186 2126 2253 utilitatis,

276 2259 490 2328 aliquid
510 2261 570 2310 in
598 2258 942 2310 tribulatione
965 2258 1349 2310 consolationis
1367 2259 1697 2327 proveniret.
1741 2256 1852 2308 Sed
1871 2257 2129 2325 quicquid

276 2331 636 2398 quaestionis,
682 2329 941 2397 quicquid
980 2329 1347 2396 querimoniae
1388 2328 1463 2378 ad
1499 2326 1699 2393 sedem,
1750 2346 1885 2395 quae
1923 2345 2128 2395 semper

273 2399 472 2450 iudicii
498 2406 543 2450 et
580 2400 819 2449 iustitiae
845 2399 1111 2467 maqistra
1131 2398 1272 2466 fuit,
1311 2398 1621 2466 diri‘qimus,
1661 2396 1831 2448 nichil
1855 2395 2128 2465 diffinitae

273 2470 649 2537 responsionis
675 2469 982 2536 recipimuS,
1009 2468 1100 2519 sed
1121 2471 1305 2519 omnia
1323 2468 1658 2536 infuturum
1676 2468 1886 2518 incerta
1904 2485 2126 2535 suspen-

277 2539 497 2590 duntur.
553 2538 701 2589 Nam
738 2539 878 2589 inter
906 2538 1021 2589 alia
1055 2537 1223 2588 multa
1251 2538 1346 2589 lioc
1374 2555 1579 2606 quoque
1617 2537 1898 2588 sanctitati
1922 2543 2127 2589 vestrae

275 2628 450 2677 nuper
474 2609 858 2673 indicavimus,
895 2607 1102 2677 qualem
1134 2610 1449 2659 sententiam
1474 2609 1704 2658 domnus
1729 2606 2128 2658 Bernliardus⁶

276 2681 335 2729 in
377 2678 732 2730 Heinricumd
768 2678 883 2729 Deo
924 2677 1168 2729 odibilem
1204 2696 1429 2746 suosque
1447 2678 1755 2745 participes
1785 2676 2072 2744 protulerit
2089 2684 2125 2743 ²,

279 2748 513 2817 quidque
552 2749 616 2799 cle
653 2767 775 2816 reqe
801 2747 1042 2815 Rodulfo
1076 2755 1252 2798 vestra
1287 2748 1528 2798 iussione
1566 2748 1828 2811 statuerit,
1854 2745 2124 2812 fiduciam

279 2819 550 2882 habentes,
602 2819 652 2868 si
695 2819 791 2870 hoc
844 2818 917 2869 ad
964 2819 1213 2868 notitiam
1257 2825 1486 2868 vestram
1533 2817 1873 2885 proveniret,
1925 2834 2126 2867 omnem

278 2907 502 2938 causam
539 2895 780 2938 nostram
815 2889 875 2939 in
915 2888 1010 2938 hoc
1038 2887 1333 2955 procedere
1371 2894 1417 2937 et
1446 2888 1790 2954 prosperari.
1865 2885 1973 2938 Sed
1999 2892 2129 2954 post

278 2966 495 3026 Zonqam
523 2960 939 3025 eoepectationem
966 2964 1207 3008 nostram
1232 2957 1448 3007 tandem
1473 2974 1681 3006 reverso
1711 2957 1922 3021 nuntio,
1960 2954 2129 3007 nichil

282 3027 437 3077 aliud
476 3027 628 3078 nobis
654 3027 1039 3078 consolationis
1066 3026 1292 3077 relatum
1319 3034 1406 3091 est,
1446 3027 1557 3078 nisi
1584 3026 1726 3094 quod
1752 3025 2012 3090 diceretis,
2040 3025 2123 3076 his

281 3179 318 3220 a)
346 3181 395 3210 ica
424 3180 464 3218 23
491 3182 624 3219 postea
653 3181 684 3212 1.
788 3178 825 3219 b)
855 3178 1060 3211 difficiliter
1089 3181 1118 3212 1.
1220 3178 1254 3220 c)
1282 3180 1327 3211 B.
1358 3181 1391 3212 1.
1493 3177 1531 3219 d)
1559 3179 1606 3210 N.
1638 3180 1670 3211 1.

284 3298 330 3351 1)
371 3297 559 3351 scriptas
594 3303 697 3350 post
730 3297 949 3350 proelium
1003 3298 1044 3338 d.
1095 3299 1135 3339 7.
1181 3298 1292 3351 Auq.
1339 3298 1469 3338 1078.
1516 3297 1801 3340 commissum.
1874 3294 1963 3338 Sed
2005 3294 2121 3336 alias

280 3359 420 3399 medio
453 3366 638 3412 tempore
673 3358 859 3411 scriptas
880 3358 1042 3410 fuisse,
1077 3373 1130 3400 ew
1165 3358 1231 3400 his
1264 3357 1371 3410 ipsis
1397 3365 1537 3412 patet.
1612 3357 1669 3399 W
1795 3357 1841 3411 2)
1878 3357 2008 3412 1077,
2055 3355 2125 3398 die
2160 3375 2198 3405 Α

225 3463 229 3466 ,
285 3421 354 3460 12.
386 3419 498 3462 Nov.
534 3419 762 3461 Goslariae
796 3426 897 3461 teste
929 3420 1168 3462 Bernoldo.
1243 3420 1300 3462 JV,

2172 3352 2197 3375 μὲ

2170 3408 2196 3425 ²0⁰

2161 3414 2199 3572 ³2²3&
