2204 3765
284 76 340 114 32
753 76 952 116 BRUNO
986 77 1067 115 DE
1102 75 1299 115 BELLO
1337 75 1653 117 SAXONICO.

160 213 429 265 10⁷5·volui
474 222 519 265 et
565 213 677 265 volo
718 231 823 282 pro
873 213 1077 263 viribus
1119 214 1265 277 meis,
1310 220 1356 263 et
1400 212 1546 264 ultra
1583 217 1734 279 vires,
1778 219 1892 266 eius
1929 214 2123 265 honori

283 284 498 334 servire.
584 281 739 341 Quod
789 284 837 332 si
884 300 962 332 me
992 281 1143 348 forte
1189 282 1443 332 maiestas
1481 285 1594 334 eius
1634 291 1900 349 accusata,
1949 283 2119 352 quiab

284 371 461 420 nuper
506 354 667 420 quasi
704 357 1060 419 puqnaturus
1106 369 1225 401 cum
1268 368 1323 401 eo
1369 354 1620 417 venerim,
1669 352 1763 403 hoc
1810 353 1953 421 quod
1996 354 2122 421 ipsa

283 423 498 485 veritas,
538 440 674 489 quae
715 420 958 472 Christus
997 427 1086 485 est,
1124 424 1271 470 novit
1305 438 1488 471 verum
1524 439 1632 471 esse
1666 423 2006 489 respondete,
2043 441 2122 474 me

284 490 438 540 nulla
469 490 768 558 puqnandi
805 507 973 540 causa
1009 491 1232 553 venisse,
1271 490 1364 540 sed
1402 489 1462 541 ob
1500 490 1595 541 hoc
1633 490 1820 556 solum,
1865 493 2002 542 sicut
2038 510 2122 543 co-

282 579 395 610 ram
436 559 627 627 leqatis
664 560 779 609 eius
800 558 998 626 fuerat
1034 561 1389 623 constitutum,
1435 566 1494 609 ut
1538 577 1623 610 eos
1662 578 1791 628 quos
1828 561 1888 610 in
1925 562 2124 612 nostris

274 629 532 698 partibus
577 646 702 678 suos
749 635 1031 679 vocaverat
1076 629 1339 692 inimicos,
1387 628 1612 680 volentes
1658 630 1765 679 sive
1810 629 2039 681 nolentes
2076 633 2126 682 ei

278 704 697 766 praesentarem,
726 705 990 765 quatenus
1010 705 1180 748 vestro
1214 697 1548 767 aliorumque
1566 700 1891 767 principum
1918 699 2124 752 iudicio

282 767 361 817 vel
406 768 461 816 in
516 767 737 817 crimine
782 767 1101 835 deprehensi
1145 769 1287 819 iusto
1332 767 1604 835 supplicio
1642 767 1998 834 subiacerent,
2045 768 2125 820 vel

283 838 585 886 innocentes
627 837 828 886 inventi
864 836 1010 887 vobis
1048 838 1493 889 intercedentibus
1539 839 1778 907 qratiam
1827 839 1943 889 eius
1989 839 2122 890 reci-

274 912 481 973 perent.
561 904 798 963 Quorum
847 925 1065 956 causam
1113 907 1244 973 quia
1290 925 1397 957 non
1441 915 1515 958 est
1561 907 1817 976 diqnatus
1865 909 2125 975 accipere,

283 975 414 1043 quid
452 994 528 1025 me
566 977 693 1040 nisi,
732 977 870 1026 sicut
890 974 1026 1043 feci,
1066 975 1278 1026 decebat
1317 976 1627 1027 abscedere?
1701 976 1767 1028 Si
1794 976 1937 1028 alias
1961 977 2127 1029 michi

283 1043 544 1113 quaslibet
581 1045 772 1113 culpas
815 1047 1060 1113 imponet,
1099 1064 1164 1096 ne
1201 1044 1421 1115 lonqum
1450 1046 1687 1113 faciam,
1724 1054 1953 1098 vestram
1991 1046 2123 1099 alio-

282 1133 504 1183 rumque
542 1115 774 1165 eiusdem
804 1116 1016 1166 ordinis
1042 1117 1281 1166 virorum
1304 1117 1495 1182 patiar
1520 1117 1850 1167 sententiam.
1913 1116 2127 1167 Deinde

284 1183 500 1235 domino
540 1192 720 1235 nostro
759 1185 876 1253 reqi
914 1185 1170 1253 diqnetur
1221 1183 1436 1235 almitas
1482 1193 1659 1236 vestra
1709 1203 2018 1254 suqqerere,
2068 1193 2128 1238 ut

281 1254 592 1304 recordetur
629 1272 680 1304 se
720 1254 953 1305 coelestis
991 1257 1136 1323 reqis
1173 1256 1335 1305 vicem
1383 1255 1543 1306 simul
1587 1262 1633 1306 et
1682 1273 1870 1306 nomen
1917 1255 2126 1321 habere,

283 1325 378 1391 qui
414 1325 546 1374 dicit
583 1342 634 1374 se
672 1324 1100 1375 vmisericordiam
1136 1324 1312 1390 maqis
1349 1323 1474 1374 velle
1508 1343 1669 1393 quam
1694 1324 2042 1390 sacrificium,
2081 1332 2128 1376 et

282 1394 378 1460 qui
415 1394 555 1443 venit
591 1412 699 1443 non
738 1401 795 1443 ut
834 1393 1030 1444 iudicet
1067 1394 1327 1444 mundum
1371 1394 1461 1444 sed
1508 1401 1565 1444 ut
1611 1395 1846 1444 salvetur
1890 1394 2126 1446 mundus

278 1481 379 1529 per
414 1465 622 1530 ipsum,
663 1471 928 1530 quatenus
967 1463 1095 1513 dum
1134 1463 1229 1513 lioc
1275 1465 1583 1531 recoqitans
1629 1483 1763 1528 eum,
1813 1465 2006 1515 cuius⁰
2053 1471 2128 1516 est

281 1533 566 1583 membrum
603 1539 649 1583 et
674 1533 830 1583 cuius
858 1551 1045 1583 nomen
1074 1532 1242 1596 habet,
1283 1533 1487 1583 actibus
1513 1533 1685 1584 studet
1709 1534 1933 1599 imitari,
1971 1553 2128 1586 mere-

284 1609 410 1651 atur
447 1602 505 1652 in
543 1620 707 1670 reqno
747 1601 952 1653 coelesti
988 1602 1340 1652 beatitudinis
1369 1610 1617 1654 aeternae
1643 1602 1825 1671 qloria
1856 1606 2126 1656 coronari.

239 1717 244 1719 ,
281 1671 383 1722 Per
429 1679 591 1722 totum
612 1671 739 1739 fere
788 1691 994 1723 annum
1039 1671 1228 1722 litteris
1267 1671 1494 1741 aliisque
1532 1671 1890 1741 leqationibus
1929 1675 2128 1725 nostris

283 1759 460 1792 omnes
483 1741 609 1809 fere
643 1743 926 1811 principes
963 1743 1121 1809 reqni
1155 1742 1471 1809 suppliciter
1498 1742 1784 1808 adivimus,
1823 1750 1870 1792 et
1894 1750 1953 1793 ut
1977 1743 2129 1795 nobis

282 1813 494 1879 copiam
558 1830 736 1862 coram
807 1811 1059 1862 veniendi
1116 1814 1455 1880 acquirerent
1510 1813 1808 1877 oravimus,
1865 1820 2130 1880 quatenus

282 1899 461 1932 eorum
504 1882 703 1932 iudicio
743 1880 821 1931 vel
860 1883 1016 1932 nooeii
1052 1881 1478 1932 damnaremurd
1524 1881 1604 1931 vel
1639 1882 1860 1933 innoscii
1905 1880 2126 1934 solvere—

283 1969 420 2000 mur.
501 1948 657 2008 Quod
683 1952 815 2019 quia
842 1969 1139 2018 numquam
1167 1953 1457 2019 impetrare
1486 1952 1778 2019 potuimus,
1817 1953 2012 2003 iterum
2036 1970 2128 2005 vos

283 2027 330 2071 et
380 2038 554 2070 omnes
604 2020 710 2071 Dei
742 2019 934 2086 fideles
982 2020 1300 2088 suppliciter
1349 2039 1582 2085 oramuS,
1632 2029 1690 2072 ut
1735 2021 1921 2072 saltem
1966 2041 2126 2088 nunc,

275 2097 567 2157 postquam
604 2091 746 2141 iram
785 2110 941 2141 suam
967 2098 1145 2141 nostro
1174 2109 1360 2142 cruore
1399 2092 1635 2155 satiavit,
1663 2099 1957 2159 postquam
1980 2091 2129 2143 Deus
2200 2142 2204 2143 ⁷

282 2158 366 2210 illi
404 2161 539 2210 sicut
576 2161 848 2228 oportebat
886 2162 1136 2212 honorem
1173 2162 1413 2225 donavit,
1434 2160 1690 2228 furorem
1726 2161 1976 2228 deponat,
2013 2162 2129 2214 Deo

282 2229 515 2298 qloriam
564 2230 783 2294 reddat,
832 2237 878 2279 et
927 2231 1069 2299 quod
1119 2238 1240 2281 ante
1286 2231 1610 2298 sanquinem
1662 2229 1888 2299 effusum
1926 2230 2130 2299 fecisse

276 2307 509 2367 poterat,
549 2318 693 2351 nunc
721 2307 868 2350 tanto
898 2302 1170 2368 sanquine
1192 2301 1330 2368 fuso
1362 2300 1559 2366 faciat.
1633 2300 1737 2351 Det
1761 2300 1914 2351 nobis
1939 2300 2127 2367 locum,

283 2369 376 2419 ubi
414 2369 681 2420 vobiscum
720 2377 764 2420 et
803 2389 920 2420 cum
945 2369 1206 2437 Rodulfo,
1234 2369 1557 2421 Berclitaldo
1576 2379 1611 2434 Θ,
1641 2368 1940 2437 Godefrido
1979 2371 2128 2422 duci·
2199 2387 2204 2394 ‘

283 2439 379 2489 bus
417 2440 700 2489 convenire
730 2441 1020 2507 possimus,
1059 2447 1105 2493 et
1140 2442 1198 2491 in
1239 2457 1558 2509 quacunque
1583 2458 1640 2489 re
1666 2440 1811 2490 vobis
1837 2439 2129 2507 culpabiles

282 2527 389 2559 esse
433 2508 741 2574 videbimur,
782 2510 926 2560 omni
962 2510 1232 2562 voluntate
1271 2518 1457 2561 nostra
1485 2509 1728 2577 deposita
1755 2517 1959 2561 vestrae
1989 2529 2126 2578 pru-

283 2579 496 2629 dentiae
534 2579 797 2630 iudicium
824 2578 1047 2631 volentes
1075 2581 1368 2646 patiemur.
1441 2579 1615 2630 Nulla
1635 2577 1759 2646 fuit
1795 2598 2034 2648 unquam
2067 2581 2130 2632 in

285 2648 514 2715 quolibet
544 2667 771 2717 paqano
810 2657 965 2699 tanta
1002 2650 1322 2714 crudelitas,
1375 2657 1431 2700 ut
1469 2668 1598 2717 quos
1635 2650 1753 2700 sine
1793 2650 1940 2699 omni
1981 2650 2129 2717 peri-

286 2719 402 2770 culo
454 2717 530 2769 vel
585 2717 761 2770 labore
807 2737 938 2769 suae
985 2719 1376 2771 dominationif
1421 2720 1644 2770 subdere
1684 2720 1974 2787 potuisset,
2019 2738 2129 2771 non

285 2789 402 2838 sine
441 2807 535 2838 suo
576 2807 898 2856 suorumque
930 2788 1172 2857 periculo
1211 2789 1315 2839 sibi
1361 2789 1594 2840 subicere
1641 2788 1802 2838 vellet.
1884 2786 2039 2847 Quod
2083 2789 2132 2840 si
2191 2807 2193 2810 ·

285 2865 527 2908 nostrum
566 2860 902 2927 sanquinem,
941 2860 1070 2909 dum
1095 2859 1267 2910 nichil
1291 2860 1406 2909 eius
1432 2859 1684 2927 supersit,
1722 2857 1934 2908 laborat
1958 2857 2128 2927 effun-

287 2926 424 2989 dere,
465 2931 652 2995 coqitet
689 2929 783 2978 lioc
822 2947 930 2979 non
954 2928 1132 2995 facile
1159 2928 1290 2994 fieri
1316 2947 1478 2996 posse
1517 2929 1632 2978 sine
1679 2945 1899 2978 suorum
1938 2928 2155 2997 aliqua*

287 2998 655 3048 commixtione
671 3007 709 3046 g.
784 2998 971 3066 Itaque
999 3000 1047 3048 si
1073 2999 1224 3049 nobis
1250 2997 1452 3048 nullam
1483 2997 1914 3048 misericordiam
1934 2998 2130 3066 facere
2174 2996 2179 3002 ’

289 3068 547 3135 disponit,
597 3067 780 3117 saltem
830 3086 1049 3118 suorum
1086 3067 1336 3118 manibus
1384 3075 1430 3118 et
1476 3067 1681 3136 gladiis
1711 3085 1943 3134 parcere
1989 3067 2128 3118 velit.

289 3137 437 3187 Haec
467 3138 636 3205 iqitur
662 3144 706 3187 et
726 3137 773 3186 si
794 3156 898 3204 qua
918 3139 1208 3204 potueritis
1232 3138 1464 3205 aptiora,
1491 3137 1704 3188 domino
1733 3145 1911 3188 nostro
1938 3154 2128 3206 suqqe-
2195 3142 2200 3177 ὲ

291 3209 403 3270 rite,
442 3208 589 3274 eique
626 3214 683 3255 ut
708 3206 883 3257 Deum
920 3207 1116 3272 timeat,
1150 3204 1517 3275 populumque
1545 3209 1634 3258 cui
1658 3213 1829 3258 rector
1854 3214 1927 3258 est
1952 3207 2130 3272 datus,

289 3343 324 3380 a)
354 3342 501 3372 incusat
540 3342 570 3372 2.
697 3340 734 3380 b)
773 3342 872 3380 quod
910 3343 941 3372 2.
1064 3340 1097 3380 c)
1139 3350 1170 3372 c.
1212 3345 1267 3372 est
1307 3350 1354 3374 m.
1392 3344 1428 3372 et
1463 3342 1588 3372 desunt
1626 3343 1656 3374 l.
1784 3341 1820 3383 d)
1856 3342 2067 3381 dapnemur
2095 3343 2128 3373 1.

289 3396 324 3428 e)
352 3390 532 3421 Bertoldo
562 3392 598 3421 et
628 3388 670 3421 G.
701 3390 732 3421 2⁴
807 3391 835 3430 f)
864 3390 1133 3430 dampnacioni
1162 3392 1202 3429 13
1230 3391 1422 3422 emendavit
1451 3390 1678 3423 Giesebreclit.
1763 3389 1800 3431 g)
1829 3390 2065 3422 admixtione
2093 3390 2128 3421 2.

2173 3382 2204 3502 ‹1:3st
2200 3284 2204 3309 .,
