2204 3765
184 232 290 266 1074.

311 75 365 114 28
781 78 981 119 BRUNO
1014 79 1095 118 DE
1128 79 1326 120 BELLO
1362 80 1675 122 SAXONICO.

311 214 494 283 Ipsius
519 215 722 266 castelli
748 217 839 267 ubi
864 217 991 267 haec
1019 224 1142 267 acta
1167 225 1292 268 sunt
1318 218 1719 269 destructionem
1743 218 1884 270 nulli
1909 226 2150 272 nostrum
2175 279 2177 281 ¹

311 285 522 336 credere
546 285 660 336 volu
672 288 724 349 it,
752 287 841 336 sed
869 287 1008 336 hanc
1036 304 1253 353 operam
1279 289 1394 338 suis
1406 286 1681 355 famulisa
1707 297 1754 340 et
1761 288 2150 357 familiaribus

311 355 585 419 iniunoeit,·
634 357 729 422 qui
775 354 1102 424 ozeyliyentes
1149 363 1195 405 et
1238 357 1396 425 pi9r1i
1408 395 1421 420 ,
1469 375 1571 424 quo
1621 359 1780 408 citius
1818 361 1960 428 quod
1996 369 2153 413 erant

312 424 448 473 iussi
489 431 831 491 peragerent,
884 443 1059 475 omnes
1108 427 1338 477 rusticos
1384 428 1479 494 qui
1521 427 1581 476 in
1618 425 1718 477 illa
1753 429 1960 480 vicinia
1997 438 2153 482 erant

312 494 594 542 convenire
615 493 886 559 fecerunt,
926 501 971 544 et
1007 495 1082 544 eis
1122 494 1442 547 demoliendi
1480 495 1687 546 castelli
1714 505 2024 563 potestatem
2061 500 2149 551 de-

312 562 522 611 derunt.
603 562 819 613 Rustici
864 582 1003 626 vero,
1053 565 1191 615 sicut
1237 566 1431 615 rustici
1478 565 1714 632 ¹imperiti
1763 573 1809 615 et
1857 567 1922 618 ab
1972 569 2153 621 eodem

311 630 520 681 castello
560 631 727 681 >multa
762 632 910 682 mala
938 635 1204 700 perpessi,
1245 654 1362 685 cum
1400 632 1583 685 nullus
1622 635 1829 686 adesset
1865 637 1959 705 qui
1995 639 2151 690 casti-

308 707 479 768 yaret,
519 700 688 750 nichil
728 703 783 751 in
821 702 938 769 ipso
978 703 1188 754 voluere
1224 702 1479 772 relinqui,
1526 704 1661 772 quob
1711 706 1904 756 iterum
1949 706 2153 759 deberet

310 770 579 819 renovari.
667 770 857 820 Postea
912 773 1133 839 saepius
1184 773 1399 825 domino
1452 781 1632 824 nostro
1681 775 1800 843 re9i
1835 774 2153 843 le9ationem

309 840 445 887 sicut
496 838 718 889 humiles
768 843 909 892 servi
954 860 1073 891 cum
1120 843 1287 893 multa
1335 842 1732 910 supplicatione
1784 845 2045 910 misimus,
2094 853 2154 896 ut

309 909 357 958 si
395 908 527 975 quid
564 909 621 958 vin
664 908 761 959 illa
798 910 877 960 vel
914 911 1147 978 qualibet
1183 931 1353 963 causa
1391 920 1578 963 contra
1617 932 1734 964 eum
1760 912 1960 981 fecisse
2004 915 2149 967 vide-

307 995 504 1041 remur,
550 980 870 1046 principum
916 999 1137 1031 suorum
1188 983 1389 1033 iudicio
1439 982 1518 1033 vel
1564 983 1815 1051 negando
1853 983 1934 1033 vel
1980 1002 2151 1036 emen-

309 1046 494 1097 dando
542 1048 994 1114 satisfaceremus.
1086 1049 1260 1109 Quam
1305 1051 1624 1119 lessationem
1674 1055 1806 1120 quia
1862 1053 2039 1104 adhuc
2093 1061 2154 1105 ut

311 1116 553 1184 accipere
605 1117 747 1168 vellet
794 1119 1001 1170 nullius
1049 1121 1259 1172 auoeilio
1318 1123 1546 1173 obtinere
1592 1125 1898 1190 potuimus,
1945 1130 2152 1176 vestrae

308 1188 588 1237 sanctitati
625 1187 784 1238 simul
824 1208 1000 1240 omnes
1018 1191 1250 1259 pedibus
1276 1194 1462 1242 vestris
1490 1191 1729 1242 advoluti
1759 1189 2152 1260 supplicamus,

307 1263 365 1304 ut
402 1256 553 1306 nobis
602 1259 735 1308 iram
791 1259 997 1309 domini
1043 1263 1215 1312 nostri
1259 1263 1403 1330 regis
1451 1262 1703 1329 mitigare
1747 1261 1945 1326 velitis,
2000 1264 2153 1330 eique

308 1326 552 1389 suadere,
592 1335 649 1377 ut
686 1329 830 1395 quod
867 1330 967 1378 uni
988 1328 1205 1395 faceret
1241 1331 1461 1394 homini,
1496 1329 1689 1397 facere
1727 1332 1982 1400 diynetur
2027 1334 2150 1384 uni-

311 1413 489 1445 versae
526 1399 688 1464 genti,
729 1398 927 1448 scilicet
964 1417 1028 1449 ne
1060 1401 1226 1466 prius
1263 1418 1360 1450 nos
1394 1399 1596 1467 furore
1641 1399 1822 1451 bellico
1873 1401 2153 1454 devastare

308 1473 554 1532 quaerat,
606 1485 765 1534 quam
805 1486 900 1518 nos
948 1487 1127 1519 coram
1164 1469 1516 1537 principibus
1571 1472 1683 1520 suis
1739 1472 2057 1522 criminosos
2105 1478 2153 1524 et

307 1535 507 1584 crimen
546 1536 826 1588 emendare
865 1536 1099 1588 nolentes
1138 1540 1395 1590 ostendat.
1469 1538 1823 1590 Securitatem
1860 1559 2021 1610 quam
2058 1559 2204 1592 vos‘·

307 1610 353 1653 et
391 1602 493 1654 alii
524 1607 808 1674 principes
846 1609 960 1658 eius
1000 1609 1284 1674 iusseritis,
1325 1629 1358 1659 a
1397 1609 1548 1659 nobis
1577 1611 1830 1677 accipiat,
1869 1617 1927 1660 ut
1953 1611 2027 1661 ad
2051 1630 2152 1663 nos

305 1674 419 1724 sine
458 1674 583 1725 bello
624 1679 825 1741 veniat,
864 1685 909 1728 et
946 1686 1114 1728 vestro
1153 1697 1248 1730 nos
1274 1679 1479 1730 iudicio
1506 1679 1585 1729 vel
1614 1681 1835 1746 puniat,
1875 1681 1923 1730 si
1953 1682 2149 1732 merui-

304 1762 444 1807 mus,
493 1743 571 1795 vel
619 1747 676 1796 in
718 1764 855 1813 pace
905 1767 1023 1798 cum
1071 1750 1256 1816 qratia
1303 1768 1405 1799 sua
1451 1749 1700 1814 dimittat,
1749 1750 1797 1800 si
1841 1750 2152 1802 innocentes

304 1813 510 1864 intenti
529 1814 828 1881 fuerimus.
903 1817 1006 1868 Sin
1046 1818 1140 1868 hoc
1181 1817 1455 1882 nolueritc,
1494 1820 1555 1869 in
1596 1818 1830 1887 qualibet
1865 1821 2027 1888 reyni
2061 1821 2152 1872 sui

298 1891 460 1950 parte
504 1888 789 1954 principes
840 1907 963 1939 suos
1014 1890 1295 1939 convenire
1351 1889 1555 1953 iubeat,
1606 1896 1651 1939 et
1698 1907 2036 1957 quoscunque
2085 1908 2151 1942 eoe

306 1954 457 2004 nobis
495 1957 679 2007 adesse
716 1957 959 2022 voluerit,
999 1959 1074 2008 eis
1111 1959 1277 2009 eundi
1320 1958 1621 2009 redeundid
1671 1960 2003 2009 securitatem
2051 1961 2147 2011 tri-

302 2025 444 2090 buat,
473 2035 519 2076 et
545 2027 805 2095 quicquid
830 2046 920 2078 vos
942 2027 1318 2079 iudicaveritis
1340 2028 1402 2078 de
1422 2027 2150 2097 ozobisfaciendum,faciat.

302 2096 450 2146 Hoce
494 2098 662 2165 iyitur
699 2098 915 2148 domino
956 2105 1137 2149 nostro
1176 2099 1462 2167 su'qyerite,
1503 2105 1549 2147 et
1585 2099 1635 2148 ei
1671 2116 1778 2165 pro
1816 2098 1925 2149 Dei
1953 2101 2147 2152 timore

300 2166 532 2231 suadete,
571 2175 628 2217 ut
653 2187 749 2218 nos
775 2168 1011 2218 homines
1036 2186 1143 2218 esse
1170 2171 1373 2236 cogitet,
1413 2186 1478 2218 ne
1507 2169 1579 2218 ad
1598 2167 1902 2235 periculum
1931 2169 2149 2220 animae

300 2254 431 2286 suae
471 2255 566 2287 nos
606 2239 909 2288 innocentes
939 2238 1168 2305 perdere
1196 2238 1471 2288 desideret.
1545 2237 1610 2289 Si
1646 2245 1822 2288 vestra
1848 2236 2147 2289 sublimitas

290 2306 465 2374 pigra
503 2306 582 2356 vel
618 2309 797 2358 minus
825 2309 934 2376 pia
975 2308 1030 2357 in
1069 2308 1153 2358 liis
1193 2309 1422 2376 agendis
1452 2307 1650 2376 fuerit,
1700 2307 2001 2358 districtum
2037 2308 2148 2359 Dei

297 2375 562 2427 iudicium
600 2385 815 2428 nostras
854 2378 1067 2428 animas
1107 2397 1141 2427 a
1178 2377 1326 2428 vobis
1362 2379 1574 2447 eoeiyere
1614 2377 1836 2428 habebit.
1907 2375 2064 2436 Quod
2098 2379 2148 2430 si

295 2453 526 2496 vestrum
555 2448 715 2513 pium
752 2447 1034 2498 consilium
1072 2465 1167 2497 reoe
1186 2447 1438 2513 forsitan
1469 2447 1662 2498 audire
1694 2446 1941 2512 noluerit,
1979 2465 2143 2516 roya-

294 2534 411 2566 mus
449 2534 540 2566 vos
568 2524 614 2566 et
641 2516 990 2581 obsecramus,
1030 2524 1086 2566 vut
1111 2517 1296 2567 saltem
1323 2536 1413 2568 vos
1441 2525 1485 2568 et
1510 2524 1706 2568 vestros
1732 2518 2145 2568 instrumentum

295 2586 384 2636 sui
406 2585 631 2653 furoris
677 2587 869 2637 habere
918 2606 1026 2638 non
1065 2588 1241 2654 possit
1253 2605 1272 2652 ,·
1318 2606 1382 2637 ne
1433 2587 1561 2638 dum
1581 2587 1781 2654 furori
1829 2588 1944 2637 eius
1980 2587 2141 2638 mini-

293 2658 491 2717 stratis,
521 2657 661 2708 vitae
689 2656 922 2708 vestraef
947 2664 993 2707 et
1019 2659 1233 2708 animae
1247 2657 1550 2723 periculum
1576 2657 1895 2708 incurratis.
1954 2655 2144 2708 Valete.

431 2726 514 2777 43.
587 2727 834 2778 Eundem
872 2745 1085 2777 sensum
1123 2728 1448 2777 continentes
1485 2724 1569 2778 vel
1605 2725 1790 2776 litteris
1835 2723 1918 2776 vel
1965 2725 2144 2778 verbis

291 2792 580 2863 legationes
621 2797 821 2848 cunetis
859 2815 925 2848 ex
963 2795 1053 2847 illa
1087 2804 1235 2864 parte
1273 2795 1605 2865 principibus
1644 2793 1838 2863 singuli
1872 2795 2142 2864 principes

289 2867 457 2916 nostri
493 2867 761 2930 miserunt,
801 2874 851 2917 et
886 2865 1100 2917 tandem
1137 2882 1168 2915 a
1203 2884 1328 2933 rege
1372 2866 1490 2931 vix,
1528 2866 1697 2932 magis
1742 2865 2143 2933 importunitate

291 2934 502 2986 devicto
551 2953 709 3004 quam
756 2936 949 3004 pietate
996 2934 1218 3001 mollitO,
1272 2953 1583 3005 responsum
1639 2935 1739 2986 hoc
1799 2941 2138 3002 aeceperunt,

292 3004 434 3073 quod
479 3003 579 3056 hoo
625 3004 734 3056 solo
782 3005 938 3056 modo
985 3006 1208 3073 gratiam
1257 3022 1405 3055 suam
1459 3004 1652 3057 habere
1706 3011 1939 3073 possent,
1989 3004 2033 3055 si
2079 3022 2137 3056 se

291 3091 546 3143 suamque
583 3073 878 3126 libertatem
917 3082 968 3126 et
1005 3077 1179 3125 omnia
1218 3091 1352 3142 quae
1377 3074 1734 3143 possidebant,
1770 3075 2021 3142 potestati
2055 3091 2135 3124 re-

288 3144 406 3212 giae
446 3144 558 3196 sine
596 3145 736 3194 omni
774 3144 1083 3196 condicione
1120 3144 1327 3195 tradere
1364 3143 1667 3195 voluissent.
1753 3143 1912 3209 Quod
1958 3142 2132 3195 facere

289 3278 324 3319 a)
354 3279 507 3310 famulis
537 3283 573 3312 et
599 3281 721 3311 desunt
752 3281 783 3311 2.
898 3279 936 3321 b)
966 3281 1066 3319 quod
1094 3282 1127 3312 2.
1247 3279 1280 3321 c)
1309 3281 1359 3311 ita
1389 3281 1428 3319 2;
1459 3279 1621 3311 voluerit
1650 3281 1682 3310 1.
1794 3279 1830 3322 d)
1859 3287 1891 3313 e.
1919 3283 1956 3311 et
1982 3279 2060 3311 red.
2089 3279 2124 3312 2.

288 3327 323 3368 e)
352 3329 432 3361 Hec
461 3331 493 3359 d.
526 3331 555 3360 2.
660 3328 687 3370 f)
713 3328 782 3360 ἷΐε
811 3331 840 3361 1.
