2204 3765
585 115 783 155 BRUNO
815 116 896 155 DE
930 117 1124 158 BELLO
1160 119 1465 161 SAXONICO.
1887 133 1940 170 89

107 252 315 304 domini
351 252 491 317 Iesu,
530 259 587 302 ut
625 253 734 303 sive
772 271 863 304 vos
902 261 1071 305 terror
1100 257 1208 306 viri
1234 261 1554 324 peccatoris,
1594 264 1748 312 cuins
1778 265 2073 330 qloriaiom.

106 330 305 374 stercus
325 329 372 371 et
390 322 583 372 verm-is
603 328 692 385 est,
715 322 872 372 eoeorb
882 323 1015 374 itare
1019 322 1174 390 fecit,
1189 327 1296 375 sive
1300 326 1375 392 fa
1385 347 1427 377 in
1438 328 1624 378 iliariu
1635 349 1678 380 in
1693 319 1948 396 pei-sona-

104 409 228 441 rum
251 389 456 443 mollita
476 391 768 459 persuasio
808 389 1068 456 delinivit,
1108 401 1164 442 ut
1191 395 1419 445 redeatis
1449 396 1522 446 acl
1547 416 1652 457 cor,
1684 408 1736 447 ut
1762 420 1951 452 ‘memor

107 461 226 511 sitis
273 460 565 512 honestatis
613 466 659 510 et
705 460 913 510 timoris
951 460 1193 525 Domini,
1233 471 1277 512 et
1315 465 1364 512 si
1404 484 1509 515 non
1552 467 1700 516 nobis
1737 480 1953 536 propter

105 547 204 581 nos
243 530 498 597 parcitis,
549 527 731 579 saltem
781 537 979 579 vestrae
1030 531 1367 582 innocentiae
1415 535 1469 583 in
1518 538 1656 585 tanti
1701 541 1951 605 sanyinis

105 597 364 667 effusione
394 599 752 665 provideatis.
826 597 973 648 ZVam
1011 599 1059 647 si
1089 597 1205 649 illos
1233 601 1468 667 amplius
1499 606 1551 654 in
1582 623 1676 654 nos
1707 610 1953 669 (Ji-assari

94 669 422 736 permittitis,
464 686 594 736 quos
624 666 909 734 prohibere
948 666 1140 717 debetis
1177 676 1222 718 et
1248 672 1486 736 potestis,
1533 661 1815 725 timenilmn
1866 686 1950 741 est,

103 755 170 788 ne
207 756 388 788 corant
426 737 564 788 iusto
593 737 770 787 iudice
798 736 861 786 de
878 736 1190 804 perditione
1220 746 1401 789 nostra
1431 744 1818 794 eoecusationeni
1848 765 1952 795 non

103 807 364 858 habeatis.

247 876 361 927 116.
454 875 543 926 Sic
592 881 733 925 totus
782 892 949 925 annus
998 873 1082 926 1116
1133 879 1484 944 consumitur,
1535 889 1591 930 ut
1639 880 1743 931 fcrc
1800 882 1954 933 nichil

102 942 445 997 memorabile
496 943 644 995 fieret
690 945 743 994 in
790 945 983 995 nostris
1031 944 1296 1013 partibus,
1346 948 1446 998 nisi
1492 948 1630 1016 quod
1681 952 1951 1018 apostolici

101 1012 258 1083 legati
299 1014 602 1083 frequenter
638 1012 707 1063 ad
744 1022 993 1083 utrasque
1032 1024 1206 1082 partes
1233 1028 1502 1081 venerunt,
1543 1027 1593 1068 ct
1624 1037 1760 1068 nunc
1787 1021 1950 1086 nobis,

101 1102 242 1135 nunc
280 1083 519 1135 hostibus
565 1083 754 1133 nostris
793 1082 1142 1152 apostolicum
1180 1083 1410 1136 favorem
1450 1088 1836 1155 promittentes,
1887 1089 1950 1140 ab

102 1155 340 1222 utrisque
390 1154 694 1222 pecuniam,
753 1160 1002 1222 quant-am
1050 1161 1292 1221 poterant
1348 1173 1490 1206 inore
1539 1156 1773 1208 Romano
1836 1176 1952 1209 con-

102 1224 324 1293 quirere,
364 1240 543 1274 secum
581 1222 895 1274 detulerunt.

243 1293 357 1344 117.
429 1292 492 1343 111
530 1293 769 1362 sequenti
806 1310 931 1343 vero
970 1309 1137 1356 anno,
1191 1292 1281 1360 qui
1329 1302 1439 1345 erat
1487 1294 1552 1344 ab
1602 1295 2075 1351 incarnatione1oso.

99 1361 322 1414 Domini
364 1363 513 1428 1080,
553 1380 731 1414 mense
769 1362 1031 1426 Ianuario,
1072 1362 1353 1413 Heinricus
1402 1364 1588 1414 iterum
1637 1375 1950 1432 congregato

99 1450 207 1484 non
240 1449 436 1502 parvae
474 1431 821 1484 multitudinis
860 1432 1096 1483 exercitu
1124 1431 1410 1483 Saxoniam
1448 1433 1656 1484 volebat
1693 1435 1950 1500 invadere,

97 1512 349 1571 reputans
399 1501 664 1567 Saxones,
712 1509 894 1570 utpote
943 1503 1173 1571 quietem
1222 1501 1344 1552 dum
1397 1520 1503 1571 pax
1551 1513 1659 1554 erat
1703 1514 1950 1570 amantes,

99 1590 205 1623 non
251 1572 551 1642 frequentes
604 1573 748 1623 exire
786 1571 973 1623 hiemis
1018 1578 1270 1641 tempore.
1345 1572 1581 1623 Saxones
1619 1592 1740 1623 vero
1779 1573 1950 1626 multis

99 1642 206 1693 iam
243 1641 515 1694 laboribus
555 1642 828 1694 exercitati
868 1649 919 1693 et
952 1661 1047 1710 per
1073 1641 1264 1692 multas
1291 1642 1676 1711 inquietudines
1714 1661 1743 1693 a
1769 1661 1948 1694 somno

101 1713 290 1782 quietis
329 1713 704 1780 expergefacti,
748 1720 892 1763 totaa
928 1714 1122 1763 virtute
1149 1711 1429 1763 studebant
1455 1713 1501 1763 ei
1529 1713 1735 1763 obviam
1775 1716 1948 1765 venire

99 1791 151 1834 et
187 1783 301 1833 eius
339 1783 598 1850 impetum
635 1782 701 1834 ab
738 1782 1010 1832 invasione
1056 1782 1288 1848 regionis
1338 1799 1461 1833 suae
1509 1780 1771 1850 repellere.
1847 1783 1950 1833 sed

97 1851 184 1903 ille
224 1851 376 1903 solita
414 1850 696 1903 calliditate
736 1850 976 1903 Saxones
1014 1851 1080 1902 ab
1119 1851 1346 1902 invicem
1394 1851 1557 1901 multa
1602 1853 1947 1920 promittendo

99 1922 365 1985 diviserat,
404 1930 462 1973 ut
498 1939 603 1972 non
640 1922 731 1972 diu
757 1930 877 1973 ante
906 1921 1045 1973 diem
1071 1919 1258 1989 proelii
1287 1920 1539 1972 widekin
1558 1922 1594 1986 b,
1625 1920 1946 1989 wiprecht0,

98 2000 150 2044 et
186 1991 544 2043 Theodericus
574 1990 837 2043 Geronisd
876 1990 1030 2056 filius,
1070 2009 1189 2042 611111
1228 1990 1403 2042 multis
1442 1990 1556 2041 aliis
1594 2008 1623 2040 a
1652 1990 1948 2041 Saxonibus

97 2061 166 2114 ad
203 2062 381 2113 hostes
418 2062 715 2127 transirent,
755 2070 806 2113 et
833 2060 1162 2113 Ekkibertus
1201 2060 1432 2111 marchio
1472 2078 1588 2111 611111
1629 2078 1717 2110 sua
1745 2059 1948 2125 legione

97 2140 317 2183 neutrae
337 2132 474 2201 parti
494 2131 770 2197 accedens,
791 2149 898 2181 non
917 2130 1073 2200 longe
1094 2149 1123 2182 a
1143 2129 1522 2199 proeliantibus
1542 2129 1710 2181 lentus
1733 2131 1947 2194 sederet,

98 2210 344 2254 eventum
381 2201 505 2254 belli
543 2201 734 2254 dubius
774 2211 1078 2270 expectans,
1117 2211 1174 2253 ut
1211 2201 1296 2251 cui
1322 2202 1458 2269 parti
1485 2200 1702 2250 victoria
1730 2200 1947 2262 cederet,

97 2272 145 2324 ei
182 2270 593 2341 congratulando
633 2272 808 2323 socius
857 2270 1147 2323 accederet.
1220 2271 1389 2339 Igitur
1435 2271 1694 2321 exercitus
1742 2270 1946 2338 utrique

98 2350 458 2393 convenerunt
502 2342 556 2391 in
592 2340 708 2392 loco
748 2342 838 2411 qui
875 2340 1236 2392 Flathecheim
1253 2351 1308 2377 e·1
1348 2348 1590 2404 vocatur,
1630 2347 1679 2390 et
1715 2340 1789 2389 sic
1828 2343 2042 2399 con-13⁷⁴-

97 2412 361 2476 sederunt,
399 2420 459 2463 ut
494 2413 632 2463 inter
669 2429 757 2463 eos
795 2412 954 2478 rivus,
993 2429 1097 2462 non
1122 2410 1258 2461 latus
1287 2410 1497 2479 quidem
1525 2408 1614 2460 sed
1641 2407 1943 2477 profundus,
1965 2393 2019 2422 ²''

95 2481 389 2534 haberetur.
451 2481 637 2550 Itaque
674 2490 932 2533 nostrates
959 2480 1026 2532 ad
1053 2480 1435 2531 defendendum
1463 2479 1623 2548 partis
1657 2496 1779 2528 suae
1805 2477 1945 2528 littus

98 2551 341 2617 ordinati,
379 2550 494 2602 illos
531 2551 600 2602 ad
639 2569 693 2603 se
732 2559 979 2603 venturos
1017 2551 1071 2601 in
1109 2549 1296 2601 declivi
1334 2549 1524 2600 montis
1559 2556 1851 2615 expectant,
1890 2555 1945 2597 111

95 2622 264 2691 ipsius
304 2622 656 2690 oportunitate
693 2620 794 2672 loci
833 2620 1224 2685 descendentes,
1275 2619 1448 2670 hostes
1489 2618 1704 2685 supinos
1743 2615 1944 2666 facilius

95 2701 383 2744 retrorsum
433 2690 720 2761 impellant.
806 2691 875 2742 Et
913 2689 1095 2742 Ottoni
1144 2690 1281 2754 duci,
1330 2706 1431 2758 quo
1478 2688 1676 2756 primus
1713 2702 1943 2753 pugnam

97 2769 339 2814 conserat
362 2762 639 2830 imperant.
695 2761 839 2830 Ergo
867 2761 993 2812 dum
1021 2763 1096 2810 sic
1122 2759 1346 2811 ordinati
1370 2766 1639 2818 nostrates,
1669 2756 1942 2806 adversum

96 2850 153 2883 se
189 2839 438 2883 venturos
465 2831 640 2884 hostes
665 2830 958 2896 attendunt,
997 2829 1087 2895 illi,
1128 2830 1263 2880 sicut
1289 2845 1496 2896 semper
1522 2824 1771 2887 solebant,
1810 2823 1944 2874 calli-

96 2901 259 2954 ditate
297 2903 600 2972 pugnaturi,
638 2908 845 2952 nostros
883 2900 1158 2968 improvisi
1196 2897 1627 2959 circumveniunt,
1666 2904 1716 2946 et
1753 2895 1876 2944 duni
1915 2909 1943 2941 a

93 2971 264 3023 fronte
317 2972 495 3023 venire
554 2979 830 3041 putantur,
887 2969 1060 3022 subito
1116 2975 1234 3037 post
1287 2976 1490 3034 tergum
1547 2961 1943 3032 respicientibus

95 3041 281 3094 adesse
324 3041 583 3093 videntur.
666 3041 817 3092 Tunc
869 3059 963 3091 rex
1000 3037 1257 3090 Rodulfus
1303 3036 1536 3088 velocem
1586 3034 1726 3084 misit
1764 3031 1943 3083 Ottoni

96 3111 222 3164 duci
257 3113 516 3178 nuntium,
556 3131 652 3181 per
686 3111 865 3162 Deum
905 3110 1185 3173 obtestans,
1234 3116 1292 3158 ut
1328 3107 1572 3174 antiquae
1609 3120 1809 3154 memor
1844 3101 1941 3151 vir-

96 3261 134 3305 a)
163 3272 247 3295 cum
275 3272 363 3302 rege
390 3271 457 3294 suo
485 3262 652 3294 Rodulfo
678 3264 757 3292 tota
785 3261 817 3293 2.
919 3259 957 3299 b)
988 3258 1183 3291 widekint
1211 3253 1271 3296 1b3
1299 3256 1470 3289 Widikin
1499 3255 1531 3288 2.
1629 3251 1660 3293 c)
1690 3252 1878 3291 VVipertus
1909 3252 1939 3279 2.

97 3313 136 3355 d)
166 3311 208 3344 G.
237 3313 384 3344 comitis
413 3314 444 3345 2.
547 3310 582 3352 e)
610 3310 820 3342 Flatechim
851 3304 913 3348 1b;
941 3307 1185 3339 Fladecheim
1215 3308 1248 3339 2.

100 3437 144 3488 1)
176 3437 422 3478 Flarcheim
445 3449 587 3490 prope
619 3433 928 3475 Mehlhmcsen.
992 3431 1042 3472 P.
