2204 3765
543 122 740 162 BRUNO
773 123 852 162 DE
886 124 1080 165 BELLO
1115 126 1421 168 SAXONICO.
1846 136 1896 174 81

68 279 206 331 quae
256 260 640 311 mandavimus
702 277 794 310 vos
839 259 1038 324 fldem*
1098 282 1205 314 non
1258 265 1518 316 habuisse.
1606 268 1673 317 Et
1722 288 1902 335 quare,
1926 287 2024 316 10:2⁵.

68 330 349 382 carissime
389 329 625 392 domine,
662 328 973 380 incredibile
1014 331 1156 382 vobis
1182 334 1352 383 visum
1389 341 1489 397 est,
1530 337 1670 402 quod
1692 333 1982 403 fratres'P·
2013 335 2094 365 ³⁷³·

68 399 242 450 nostri
278 406 324 450 et
361 398 679 465 coepiscopi,
726 396 924 448 scilicet
971 399 1195 450 domnus
1243 401 1708 470 lVirceburqensis,
1749 406 1906 456 Pata-

69 469 268 520 viensis
315 475 361 518 et
411 467 512 517 alii
547 467 656 517 viri
691 465 933 535 reliqiosi
970 468 1114 518 vobis
1152 471 1207 519 in
1249 472 1466 521 veritate
1508 475 1907 530 nuntiaverunt,

69 538 313 607 quodque
351 555 402 587 se
440 536 638 587 vidisse
675 542 720 586 et
759 536 976 586 audisse
1021 539 1195 587 testati
1233 539 1398 588 sunt?
1475 540 1645 603 Certe,
1684 531 1907 606 domine,

69 625 179 658 non
216 608 276 657 in
313 605 487 656 verbis
525 604 797 655 mendacii
833 604 1151 669 confidimus
1187 605 1427 670 liberari,
1468 610 1558 659 sed
1595 613 1768 677 maqis
1802 632 1907 662 cre-

68 677 248 728 dimus
287 676 418 743 quia
454 676 654 726 veritas
691 673 937 725 liberabit
974 692 1086 724 nos
1138 675 1287 725 Deus
1327 678 1420 743 qui
1457 685 1530 727 est
1571 681 1779 744 veritas,
1817 683 1912 748 qui

69 744 214 797 solus
251 743 484 796 laborem
521 751 567 794 et
603 742 835 794 dolorem
874 744 1193 808 considerat,
1234 764 1340 796 non
1379 746 1609 796 deseruit
1636 758 1909 814 sperantes

66 816 127 866 in
165 832 245 880 se,
299 814 391 866 sed
431 815 668 865 visitavit
719 831 814 863 nos
863 814 923 863 in
972 814 1345 865 misericordia
1383 824 1427 865 et
1464 818 1908 870 miserationibus.

66 884 214 936 Nam
269 902 365 936 reoe
420 890 597 934 noster
645 880 923 949 Roclulfus
963 882 1135 950 fortis
1189 885 1241 933 in
1301 902 1356 933 eo
1411 888 1500 952 qui
1547 887 1641 936 dat
1690 886 1985 939 salutemns.
2013 908 2170 945 14³,10.

69 953 302 1022 reqibus,
336 953 398 1004 de
431 953 669 1005 inimicis
684 952 909 1002 Domini
919 959 1166 1020 potenter
1194 955 1266 1003 tri
1275 954 1574 1021 umpliavit¹
1583 995 1596 1018 ,
1622 956 1910 1006 Heinricus

70 1031 247 1074 autem
285 1022 438 1074 solito
476 1040 619 1073 more
658 1040 775 1072 cum
815 1022 928 1071 suis
954 1020 1349 1089 compticz'busa,
1381 1031 1600 1090 praeter
1626 1044 1708 1075 eos
1737 1027 1826 1092 qni
1856 1028 1907 1076 in

68 1092 257 1162 yladio
295 1092 622 1156 ceciderunt,
673 1092 731 1141 in
753 1090 963 1159 fuqam
1000 1109 1184 1141 versus
1222 1099 1319 1155 est,
1368 1094 1548 1142 comite
1589 1092 1675 1143 illo
1713 1103 1758 1144 et
1795 1113 1912 1145 con-

65 1163 368 1231 participe,
407 1163 564 1212 cuius
604 1159 865 1211 malitiam
904 1178 993 1210 vos
1032 1161 1091 1210 in
1131 1159 1262 1210 bono
1300 1162 1508 1211 vincere
1530 1162 1754 1227 frustra
1791 1171 1911 1213 tem-

59 1234 279 1301 ptastis,
305 1231 566 1299 Ropertob
606 1229 806 1282 scilicet
831 1229 1268 1297 Babenberqense
1284 1238 1318 1291 ⁰,
1349 1231 1442 1296 qui
1468 1231 1655 1280 horum
1683 1234 1910 1282 omnium

71 1308 263 1353 auctor
311 1308 358 1352 et
403 1303 645 1352 incentor
691 1307 779 1351 est.
853 1300 923 1350 Et
962 1317 988 1350 o
1039 1301 1242 1350 utinam
1292 1299 1355 1350 de
1401 1317 1500 1349 sua
1553 1302 1915 1370 sociorumque

68 1370 782 1440 eiztsflaqitiosadfallacia
812 1369 991 1420 adhuc
1019 1371 1152 1420 satis
1177 1368 1684 1436 edoctusfuissetis!
1720 1370 1914 1434 Nolite,

70 1442 350 1493 carissime
390 1441 617 1504 domine,
656 1439 817 1491 nolite
857 1437 1093 1506 amplius
1135 1439 1208 1489 ad
1248 1440 1552 1490 irrisionem
1581 1442 1786 1490 sanctie
1827 1459 1914 1491 no-

71 1511 234 1562 minis
283 1511 448 1562 vestri
497 1510 806 1562 huiusmodi
857 1510 1094 1560 homines
1137 1507 1385 1572 mulcere,
1437 1516 1482 1558 et
1510 1517 1634 1575 post
1671 1516 1772 1560 tam
1798 1509 1915 1576 fre-

71 1587 286 1650 quentes
323 1580 575 1649 repulsas
613 1587 895 1647 turpesque
935 1578 1264 1646 deceptiones
1300 1579 1491 1628 iterum.
1529 1586 1684 1645 atque
1732 1581 1911 1628 iterum

72 1651 331 1701 ducatum
381 1651 445 1701 ab
485 1653 560 1702 eis
599 1667 870 1718 quaerere.
946 1647 1221 1699 Adventus
1269 1655 1433 1697 vester
1471 1647 1544 1697 ad
1582 1667 1676 1698 nos
1713 1656 1915 1699 tantum

72 1720 224 1772 nobis
262 1727 392 1771 esset
428 1719 826 1782 desiderabilis,
873 1725 1134 1787 quantum
1172 1724 1218 1766 et
1255 1719 1587 1768 necessarius
1602 1735 1620 1781 ,·
1669 1717 1759 1767 sed
1806 1736 1917 1768 vere

72 1791 296 1856 scimuS,
349 1791 483 1858 quia
529 1796 714 1858 sponte
766 1788 979 1839 illorum
1023 1788 1095 1838 ad
1142 1794 1353 1838 nostras
1396 1794 1580 1854 partes
1629 1806 1918 1855 numquam

71 1861 309 1924 venietis,
347 1862 459 1912 nisi
489 1862 655 1928 prius
683 1860 812 1909 certi
849 1860 974 1923 sint,
1013 1875 1103 1908 vos
1140 1855 1355 1907 illorum
1382 1857 1542 1924 parti
1563 1854 1773 1923 favere,
1813 1874 1917 1906 non

63 1948 173 1999 pro
211 1930 426 1982 iustitia
463 1929 554 1981 sed
582 1947 690 1996 pro
729 1928 997 1980 voluntate
1044 1929 1305 1994 ipsorum.
1385 1923 1725 1993 Quapropter
1762 1925 1919 1976 ‘nolite

71 2002 133 2053 in
160 2017 341 2051 eorum
364 1999 481 2065 fide
507 2018 652 2067 spem
686 2017 902 2067 ponere,
943 2015 1168 2066 quorum
1202 1995 1439 2064 perfidia
1465 1997 1649 2046 totiens
1677 1996 1918 2062 deceptus

73 2071 212 2121 estis.
268 2070 405 2120 Ecce
441 2071 644 2134 videtis,
684 2068 943 2137 quomodo
970 2064 1332 2134 multiplicata
1358 2072 1480 2116 sunt
1505 2064 1649 2115 mala
1678 2067 1732 2116 in
1760 2072 1918 2128 terra,

71 2138 221 2191 mala
258 2157 487 2208 quorum
525 2157 633 2189 non
682 2146 757 2189 est
800 2156 1055 2189 numerus
1067 2155 1085 2202 ,·
1135 2144 1180 2187 et
1219 2143 1479 2187 certamen
1529 2134 1670 2202 quod
1708 2154 1741 2184 a
1778 2134 1920 2184 vobis

70 2211 270 2261 initum
307 2216 584 2278 vestraque
620 2210 859 2259 iussione
907 2214 1204 2274 susceptum
1245 2213 1343 2269 est,
1390 2206 1500 2255 iam
1547 2222 1654 2254 non
1693 2222 1795 2270 per
1831 2221 1920 2253 vos

73 2299 168 2331 nec
209 2298 314 2347 per
350 2286 527 2329 vestra
566 2279 777 2330 decreta
815 2278 1179 2346 componitur,
1230 2275 1322 2326 secl
1371 2274 1679 2343 qladiorum
1715 2272 1920 2323 ‘iudicio

73 2349 478 2400 terminandum
498 2348 908 2417 derelinquitur.
963 2347 1243 2415 Rogamus
1264 2363 1389 2413 erqo
1412 2362 1499 2394 vos
1527 2351 1573 2392 et
1593 2343 1919 2393 obsecramus

73 2421 136 2471 in
186 2419 444 2483 Domino,
505 2426 563 2468 ut
609 2419 823 2469 remotis
873 2419 985 2468 iam
1035 2415 1410 2467 blandimentis
1456 2421 1501 2462 et
1550 2411 1918 2474 dilationibus,

71 2491 315 2542 iustitiae
351 2487 456 2539 zelo
492 2506 583 2539 vos
623 2489 953 2557 acciriqatis,·
1006 2494 1051 2536 et
1089 2488 1136 2537 si
1173 2504 1281 2536 non
1309 2491 1540 2552 propter
1576 2500 1697 2545 nos,
1745 2488 1918 2530 tamen

67 2566 296 2628 propter
339 2558 590 2609 bonorem
638 2566 859 2609 sanctae
909 2556 1050 2607 sedis
1098 2555 1368 2618 ecclesiae,
1419 2550 1723 2616 confirmate
1777 2549 1920 2617 quod

76 2636 331 2698 operatus
367 2635 442 2679 est
478 2628 712 2679 eiusdem
760 2627 900 2679 sedis
935 2627 1170 2696 le‘qatus,
1222 2626 1298 2675 ita
1348 2630 1405 2672 ut
1442 2629 1486 2672 et
1535 2623 1659 2671 viva
1706 2637 1823 2669 voce
1875 2626 1921 2667 et

71 2699 263 2752 litteris
301 2697 495 2766 ubique
532 2699 869 2749 transmissis
897 2698 1010 2748 sine
1037 2695 1385 2764 ambz’quitate
1411 2690 1748 2752 denuntietis,
1789 2687 1920 2755 quid

73 2771 135 2821 in
188 2769 289 2820 hac
337 2767 585 2819 ecclesiae
635 2768 898 2820 divisione
943 2766 1225 2816 tenendum
1265 2764 1356 2826 sit,
1408 2760 1539 2828 quid
1577 2757 1914 2826 sequendum.

79 2837 236 2902 Quod
274 2839 322 2889 si
357 2839 471 2888 iam
507 2838 714 2888 dudum
735 2837 956 2905 factum
978 2834 1198 2903 fuisset,
1239 2832 1366 2884 certi
1403 2847 1583 2881 sumus
1618 2829 1747 2896 quia
1777 2844 1918 2894 pars

74 2910 272 2977 iniqua
311 2908 442 2959 adeo
480 2909 592 2958 iam
628 2909 770 2958 vires
803 2906 1162 2976 perdidisset,
1212 2910 1269 2953 ut
1316 2919 1408 2951 nec
1447 2898 1590 2950 vobis
1635 2915 1728 2947 nec
1768 2894 1918 2946 nobis

76 2978 315 3047 amplius
340 2995 525 3029 nocere
542 2977 901 3046 praevaleret.
946 2975 1028 3027 Ne
1057 2973 1263 3024 adiciat
1289 2970 1433 3022 ultra
1458 2968 1719 3019 sanctitas
1745 2972 1917 3015 vestra

72 3048 140 3100 de
178 3049 334 3099 certis
361 3047 620 3117 ambivqua
645 3054 692 3098 et
715 3048 979 3115 utrimque
1005 3044 1280 3112 verqentia
1311 3047 1554 3101 statuere,
1593 3053 1729 3105 quae
1755 3052 1919 3101 usque

72 3118 227 3170 modo
266 3135 363 3169 nos
399 3119 479 3169 ita
499 3117 692 3185 fovere
718 3119 837 3168 visa
863 3122 1002 3179 sunt,
1043 3120 1301 3182 quatenus
1328 3109 1573 3160 inimicos
1599 3113 1769 3155 tamen.
1813 3120 1919 3153 non

71 3194 476 3255 eaeasperarent.
550 3186 659 3238 Sed
697 3194 895 3237 certum
933 3192 1030 3248 est,
1071 3180 1239 3252 quodf
1276 3179 1420 3230 nullo
1458 3175 1609 3228 modo
1649 3173 1919 3225 ecclesiam

73 3305 111 3397 κζ
129 3306 366 3347 simplicibus
384 3307 416 3338 2.
505 3305 544 3348 b)
560 3307 603 3338 R.
622 3308 639 3337 1
652 3315 661 3346 ς
676 3306 842 3337 Roberto
859 3305 891 3336 2.
970 3302 1002 3344 c)
1019 3301 1258 3339 Bauenburg.
1279 3301 1308 3331 1.
1385 3295 1421 3337 d)
1439 3295 1589 3334 flagicia
1607 3294 1640 3325 1·
1727 3290 1761 3330 Θ)
1779 3290 1867 3321 ‘²⁶⁶³‘
1889 3290 1917 3320 1·

78 3356 93 3386 f
134 3357 225 3387 deest
254 3357 287 3387 1.

81 3433 128 3487 1)
163 3450 205 3476 a.
241 3435 372 3477 1078.
406 3434 451 3476 d.
489 3435 528 3475 7.
562 3434 701 3488 Au9.,·
735 3447 774 3473 v.
807 3429 1040 3473 Bertlzoldi
1070 3426 1185 3468 Ann.
1220 3425 1269 3467 P.
1304 3431 1341 3466 et
1374 3435 1511 3476 supra
1542 3435 1579 3540 (ἒ
1609 3419 1680 3460 96.
