2204 3765
74 509 266 547 1Rssn3,2.

17 641 264 681 1.Cor,10,13.

96 1527 259 1570 *p.330.

147 1624 258 1656 1056.

147 2232 253 2263 1062.

167 2280 254 2312 DIaz'.

17 2523 123 2554 Eccli.
147 2527 202 2561 10,
219 2525 251 2558 3.

289 81 314 118 2
773 80 970 119 BRUNO
1002 79 1082 118 DE
1115 78 1310 118 BELLO
1346 77 1654 118 SAXONIC‘O.

285 218 436 286 potui
486 234 817 284 cognoscere.
894 215 1051 280 Quod
1089 231 1208 264 cum
1246 214 1326 264 sui
1363 214 1743 282 magnitudine,
1781 223 1894 266 tum
1932 215 2135 267 miseri-

288 286 504 336 cordiaa
543 287 661 349 Dei,
715 303 871 353 quam
909 286 963 334 in
1001 284 1115 351 ipso
1159 281 1292 333 bello
1332 284 1538 351 experti
1577 301 1774 348 sumus,
1822 293 1900 334 est
1937 301 2132 335 memo-

285 353 464 407 rabile.
506 356 639 404 sicut
675 355 728 403 in
768 351 1123 420 sequentibus,
1163 351 1206 401 si
1244 351 1361 419 quis
1386 351 1559 419 legere
1586 351 1901 419 dignabitur,
1940 353 2135 420 poterit

285 441 586 490 agnoscere.
651 422 737 473 Sic
776 423 913 472 enim
951 423 1005 472 in
1042 419 1250 488 flagello
1288 421 1412 471 vino
1453 420 1744 470 severitatis
1770 419 1942 470 oleum
1968 421 2133 488 pieta-

285 493 352 542 tis
390 491 684 555 admiscuit,
725 500 782 541 ut
820 500 871 541 et
907 489 1219 560 prophetam
1255 508 1380 541 vera
1416 487 1651 539 locutum
1689 507 1801 539 esse
1838 489 2132 557 gaudentes

284 577 712 628 agnosceremus:
752 558 905 610 ‘Cum
932 560 1094 609 iratus
1119 557 1295 623 fueris,
1323 557 1713 609 misericordiae
1738 556 2131 623 recordaberis',

285 637 333 679 ct
371 628 688 696 apostolum:
728 627 940 678 ‘Fidelis
986 628 1149 691 Deus,
1189 628 1278 696 qui
1318 645 1420 677 non
1460 627 1727 695 permittet
1763 643 1857 677 vos
1882 626 2130 694 temptari

284 715 442 765 super
478 697 531 747 id
571 696 712 765 quod
749 698 997 764 potestis'.
1061 695 1166 747 Sed
1205 697 1511 765 priusquam
1538 695 1791 762 incipiam
1816 695 1980 763 ipsius
2005 693 2130 747 belli

284 767 469 817 seriem
508 765 787 833 explicare,
828 772 1033 834 oportet
1069 783 1151 815 me
1190 782 1358 833 pauca
1384 765 1446 816 de
1473 765 1698 833 pueritia
1721 762 1805 814 vel
1829 762 2130 815 adolescen-

282 836 353 886 tia
393 834 626 885 ciusdem
653 834 891 885 Heinrici
928 834 1275 903 praemittere,
1315 842 1372 884 ut
1409 833 1533 884 dum
1573 831 1779 902 qualem
1806 833 1972 883 vitam
1996 849 2132 901 puer

281 902 365 954 vel
401 903 704 954 adolescens
741 904 946 970 agebat,
984 902 1146 953 lector
1183 904 1471 970 agnoverit,
1509 903 1681 952 minus
1714 902 1945 966 miretur,
1985 900 2129 970 quod

283 973 586 1023 intestinum
625 971 822 1023 bellum
859 974 943 1021 vir
978 971 1146 1021 factus
1185 972 1454 1039 inceperit.
1518 971 1718 1022 Verum
1756 989 1821 1021 110
1857 969 1958 1021 1100
1996 986 2131 1039 opus

283 1041 504 1110 quilibet
554 1043 605 1091 in
652 1058 838 1091 manus
888 1041 1152 1108 accipiens
1203 1042 1378 1091 statim
1414 1040 1540 1091 velit
1578 1057 1882 1108 conspuere,
1928 1037 2130 1108 placuit

280 1111 440 1160 michi
493 1110 621 1160 illud
671 1111 831 1161 vestri
877 1110 1102 1160 nominis
1151 1109 1546 1178 praenotatione
1594 1109 1815 1174 munire,
1868 1115 2129 1177 quatenus

281 1179 407 1230 dum
445 1189 677 1230 vestrum
714 1197 907 1230 nomen
944 1179 1139 1247 pagina
1170 1179 1341 1246 prima
1366 1179 1704 1244 demonstrat,
1742 1195 1967 1246 sequens
1995 1194 2131 1246 opus

281 1266 312 1298 a
349 1249 515 1316 sputis
554 1247 813 1299 defendat.
876 1248 1020 1314 Ergo
1059 1257 1236 1298 vestra
1272 1248 1501 1315 dignitas
1540 1247 1784 1314 dignetur
1819 1245 1948 1297 illud
1983 1253 2131 1298 tanta

281 1316 549 1368 alacritate
590 1317 875 1385 suscipere,
914 1324 1110 1385 quanta
1147 1335 1177 1366 a
1213 1335 1297 1367 me
1337 1316 1551 1367 offertur
1589 1316 1883 1368 devotione.

753 1502 1097 1543 SAXONICUM
1128 1503 1372 1543 BELLUM
1404 1502 1639 1543 INCIPIT.

419 1611 461 1659 1.
524 1610 812 1678 Postquam
850 1609 1135 1661 Heinricus
1174 1610 1459 1677 imperator
1495 1609 1560 1660 ab
1600 1609 1700 1660 1100
1739 1605 1947 1658 saeculo
1985 1604 2127 1658 felici

275 1686 441 1728 morte
497 1679 757 1745 migravit,
808 1678 948 1729 filius
996 1680 1107 1730 eius
1145 1679 1428 1730 Heinricus
1477 1685 1710 1746 quartus,
1759 1675 2036 1727 infeliciter
2070 1676 2126 1727 in

275 1746 375 1797 1100
413 1747 620 1798 saeculo
659 1747 870 1799 relictus
908 1748 1063 1813 vitae,
1101 1766 1324 1815 regnum
1361 1749 1526 1816 patris
1566 1746 1819 1799 electione
1858 1745 2126 1796 communi

276 1817 521 1884 suscepit.
597 1816 753 1880 Quod
792 1818 916 1886 quia
952 1818 1123 1867 adhuc
1163 1817 1422 1882 decenter,
1472 1825 1651 1884 utpote
1687 1813 1938 1884 puerulus
1977 1814 2128 1883 quin-

277 1886 514 1953 quennis,
553 1885 849 1953 gubernare
875 1904 981 1936 non
1006 1887 1193 1955 potuit,
1230 1887 1404 1955 ipsum
1432 1904 1549 1936 cum
1576 1886 1726 1954 regni
1752 1883 1914 1935 curab
1942 1901 2128 1935 curan-

275 1955 400 2005 dum
449 1964 760 2005 cunctorum
809 1956 959 2005 iussu
1008 1956 1310 2023 principum
1348 1962 1515 2006 mater
1551 1955 1716 2024 ipsius
1754 1953 1933 2022 Agnes
1970 1971 2128 2005 vene-

274 2021 457 2074 rabilis
508 2024 817 2092 imperatrix
863 2026 1085 2093 accepit.
1171 2024 1277 2076 Sed
1328 2042 1448 2075 cum
1499 2023 1817 2094 procedente
1865 2022 2124 2090 temporis

275 2109 430 2143 cursu
467 2111 599 2160 puer
636 2101 804 2144 aetate
833 2094 1066 2161 quidem,
1107 2093 1198 2144 sed
1223 2111 1329 2144 11011
1365 2094 1624 2162 sapientia
1668 2092 1754 2144 vel
1779 2091 1924 2161 apud
1948 2091 2128 2143 Deum

273 2160 357 2212 vel
405 2161 547 2230 apud
592 2161 828 2213 homines
875 2164 1170 2231 proficeret,
1220 2164 1507 2231 matrisque
1554 2163 1755 2214 monita
1800 2161 1947 2228 regio
1985 2161 2126 2213 fastu,

274 2230 539 2281 tumidusc
577 2232 683 2281 iam
708 2233 881 2283 minus
907 2232 1128 2297 audiret,
1165 2231 1337 2298 Anno,
1379 2231 1706 2284 Coloniensis
1732 2229 1942 2299 praesul
1965 2247 2123 2281 vene-

272 2299 483 2365 randus,
524 2318 645 2350 eum
682 2300 935 2352 violenter
971 2302 1127 2352 matri
1173 2302 1366 2369 eripuit
1412 2319 1636 2370 eumque
1675 2319 1795 2352 cum
1834 2300 1976 2350 omni
2009 2298 2123 2350 dili-

270 2369 474 2438 gentia,
526 2370 660 2420 sicut
708 2368 931 2421 decebat
975 2371 1365 2438 imperatoriam
1416 2370 1646 2438 prolem,
1697 2387 1804 2420 non
1853 2375 1961 2419 tam
2008 2369 2122 2436 regi

273 2456 431 2506 quam
469 2456 631 2506 regno
669 2440 1013 2507 prospiciens,
1052 2440 1248 2491 nutrire
1287 2440 1508 2490 curavit.
1580 2439 1701 2490 Non
1738 2439 1878 2489 enim
1914 2438 2122 2506 ignora-

270 2507 376 2571 bat,
428 2509 567 2575 quod
604 2527 699 2559 rex
737 2509 988 2576 insipiens
1026 2509 1212 2577 perdet
1248 2507 1501 2577 populum
1542 2527 1711 2575 suum,
1763 2515 1812 2559 et
1850 2507 2121 2558 civitatesd

270 2575 648 2628 habitabuntur
693 2596 788 2645 per
836 2596 1046 2628 sensum
1097 2578 1452 2646 prudentium,
1503 2596 1601 2629 nec
1638 2575 1909 2628 nesciebat
1944 2577 2119 2643 etiam,

272 2645 412 2713 quod
452 2646 586 2696 sicut
623 2645 826 2715 aliquos
852 2646 1037 2697 humili
1064 2648 1226 2716 stirpe
1251 2655 1552 2715 procreatos
1578 2648 1799 2698 Virtutes
1836 2644 2121 2707 declarant,

273 2715 347 2765 sic
386 2733 416 2764 a
454 2716 659 2783 magnis
697 2724 847 2766 natos
884 2715 1207 2784 parentibus,
1258 2717 1299 2766 si
1339 2715 1576 2766 doctrina
1613 2715 1841 2784 bonique
1879 2713 2118 2766 defecere

270 2801 458 2847 mores,
508 2785 692 2852 culpae
739 2783 1108 2837 dedecorantl.
1182 2786 1380 2837 Verum
1429 2793 1711 2854 postquam
1758 2783 1872 2849 ille,
1928 2782 2118 2852 puerili

273 2852 608 2920 simplicitate
658 2862 985 2919 transcursa,
1037 2854 1461 2919 adolescentiam,
1513 2870 1646 2924 quae
1696 2853 1987 2904 communis
2038 2860 2118 2904 est

271 2924 503 2972 omnium
560 2939 778 2990 campus
824 2922 1168 2991 flagitiorum,
1224 2925 1491 2992 ingressus
1537 2923 1605 2973 ad
1654 2923 1858 2974 bivium
1906 2921 2116 2974 Samiae

268 2988 469 3041 litterae
492 3001 508 3025 ²
556 2992 810 3059 pervenit,
861 2991 1109 3044 derelicta
1158 2992 1369 3044 sublimi
1418 2994 1634 3043 semitae
1678 2991 1988 3043 dexterioris
2026 3009 2115 3041 an-

267 3061 457 3126 gustia,
497 3059 749 3111 declivem
787 3060 990 3127 plateae
1029 3063 1269 3113 sin-Istrae
1312 3061 1658 3127 latitudinem,
1708 3079 1812 3130 qua
1848 3059 2117 3111 incederet

268 3127 442 3195 elegit,
482 3127 715 3197 calleque
753 3131 1005 3181 virtutum
1042 3133 1252 3199 penitus
1289 3130 1550 3196 abdicato,
1599 3132 1721 3182 totis
1758 3128 1956 3180 viribus
1993 3136 2115 3198 post

266 3260 304 3301 a)
332 3266 357 3293 t.
394 3262 515 3300 magis
552 3271 598 3292 m.
627 3263 675 3294 ed.
778 3262 815 3303 b)
845 3272 959 3294 causa
992 3265 1040 3294 ed.
1143 3263 1176 3305 c)
1207 3265 1333 3296 faustu
1359 3266 1543 3297 tumultus
1573 3267 1603 3298 1.
1708 3263 1745 3305 d)
1775 3265 1930 3296 ciuitate
1960 3265 1991 3294 1.

268 3371 313 3422 1)
336 3369 496 3410 Horat.
522 3371 606 3419 IV,
630 3371 671 3421 4,
698 3372 768 3411 35.
864 3371 910 3424 2)
936 3370 997 3425 Cf.
1024 3372 1144 3415 Pers.
1170 3372 1264 3415 Sat.
1289 3373 1384 3423 III,
1409 3375 1480 3414 56.
1526 3372 1690 3414 Auson.
1725 3373 1859 3426 Idyll.
1887 3371 1955 3423 12,
1980 3372 2015 3411 9.
2055 3369 2113 3410 P.
