2204 3765
114 272 221 304 1077.

53 400 119 443 *p.
137 403 219 435 367.

115 2355 222 2387 1078.

72 3054 165 3091 Auy.
186 3054 218 3085 7.

242 112 298 151 70
726 112 922 151 BRUNO
955 112 1035 150 DE
1069 111 1263 151 BELLO
1300 110 1607 152 SAXONICO.

240 258 410 301 castra
455 258 757 318 posuerunt.
832 248 967 299 Nam
1014 250 1181 300 nostri
1230 248 1490 300 dederunt
1537 248 1638 299 illis
1688 250 1969 317 optionem,
2026 256 2085 300 ut

238 319 321 370 vel
367 320 468 388 ipsi
513 318 724 387 longius
770 336 800 368 a
850 316 1022 369 littore
1068 318 1371 369 recedentes
1419 318 1521 370 sibi
1567 318 1870 369 facultatem
1918 325 2083 368 trans-

240 388 397 440 eundi
437 389 800 451 concederent,
849 386 961 437 vel*
1008 388 1110 456 ipsi
1147 396 1355 438 nostrae
1400 389 1547 456 ripae
1586 388 1754 456 spatio
1794 387 1964 438 securi
2001 404 2084 438 ac-

239 467 408 526 cepto,
448 476 567 507 cum
605 457 797 508 nostris
835 458 1122 525 pugnaturi
1159 458 1456 508 transirent.
1529 456 1611 507 1111
1649 474 1789 523 vero,
1840 458 2082 525 quamvis

237 526 429 591 multis„
490 535 548 576 ut
601 524 906 577 utrumlibet
964 526 1212 590 facerent,
1276 527 1528 578 conviciis
1584 533 1758 577 essent
1812 525 2081 593 exagitati,

238 607 480 647 neutrum
516 595 687 646 facere
726 594 1022 647 voluerunt.
1097 595 1230 647 Cum
1281 604 1456 648 autem
1503 594 1695 647 multos
1740 595 1815 646 ibi
1855 595 1967 646 dies
2005 613 2082 646 se-

237 667 451 728 dissent,
503 675 553 716 ct
596 664 697 715 illis
743 665 907 715 nostri
953 664 1128 716 locum
1178 666 1246 716 ad
1290 685 1344 717 se
1394 665 1641 717 veniendi
1687 683 1844 733 saepe
1888 664 2082 715 frustra

237 734 518 798 dedissent,
558 734 769 784 tandem
799 732 872 784 illi
898 753 993 785 nec
1020 754 1074 786 se
1100 736 1291 788 nostris
1318 753 1488 803 pares,
1526 754 1625 787 nec
1655 734 1909 785 auxilium
1939 732 2081 802 quod

237 804 521 872 sperabant
555 804 735 855 venire
773 804 1026 870 videntes,
1066 822 1188 854 cum
1227 804 1439 856 militari
1475 823 1583 856 non
1618 812 1835 873 possent
1871 804 2081 868 virtute,

236 875 430 924 astutia
475 872 806 941 temptabant
858 892 889 923 a
938 892 992 925 se
1041 872 1235 925 bellum
1285 874 1428 925 istud
1477 892 1739 926 amovere.
1822 873 2084 924 Fecerunt

237 943 377 994 enim
425 960 547 992 cum
592 943 785 994 nostris
831 960 1016 1012 pacem
1072 954 1412 1012 sequestram,
1469 962 1588 1014 qua,
1645 944 1687 994 si
1730 951 1910 1011 posset
1954 942 2084 1007 fieri,

237 1031 331 1081 per
367 1020 549 1062 mutua
587 1011 846 1082 colloquia
883 1014 1217 1081 pervenirent
1259 1013 1328 1065 ad
1374 1032 1560 1083 pacem
1598 1021 1926 1082 perpetuam.
1999 1011 2086 1063 Ad

238 1100 292 1132 se
330 1082 558 1132 invicem
597 1083 757 1151 igitur
796 1082 1038 1134 veniendi
1077 1084 1354 1135 securitate
1394 1102 1660 1146 concessa,
1711 1082 1960 1133 dixerunt
1994 1079 2085 1147 illi,

238 1151 367 1221 quid
423 1170 555 1220 opus
612 1160 746 1203 essct
794 1153 984 1203 nostris
1040 1171 1217 1203 secum
1271 1154 1406 1204 ferro
1454 1153 1752 1217 decernere,
1816 1170 1935 1202 cum
1984 1152 2088 1220 ipsi

236 1222 406 1290 parati
445 1230 617 1272 essent
654 1241 765 1273 rem
800 1222 976 1274 verbis
1004 1240 1184 1289 agere,
1224 1231 1274 1274 et
1300 1224 1344 1274 si
1371 1223 1586 1292 quidem
1611 1231 1844 1273 nostram
1872 1239 2086 1272 causam

235 1291 435 1342 iustitia
461 1291 870 1356 commendaret,
911 1310 964 1342 sc
994 1292 1174 1343 rclicto
1203 1292 1415 1343 domino
1455 1310 1548 1343 suo
1586 1292 1777 1343 nostris
1815 1291 2085 1356 associari,

235 1378 297 1411 ea
318 1360 639 1426 condicione,
667 1370 725 1411 111
752 1361 793 1411 si
820 1379 916 1411 sua
942 1378 1101 1413 causa
1124 1361 1310 1412 melior
1336 1380 1449 1412 esse
1476 1361 1804 1430 probaretur,
1830 1366 2089 1412 nostrates

234 1428 334 1480 illis
391 1429 575 1480 eadem
632 1430 748 1498 lege
804 1431 1054 1499 coniungi
1105 1449 1211 1481 non
1266 1431 1692 1500 dedignarentur.
1769 1429 1927 1495 Quod
1965 1448 2087 1481 cum

235 1500 399 1550 nostri
448 1498 762 1565 laudassent,
819 1507 870 1551 et
917 1500 1030 1569 ipse
1079 1519 1176 1552 rex
1223 1509 1400 1552 noster
1451 1520 1521 1567 se,
1575 1509 1634 1552 ut
1680 1519 1789 1569 pax
1824 1501 1960 1551 inter
1996 1517 2087 1551 eos

236 1567 405 1620 fidelis
443 1568 605 1635 fieret,
645 1568 868 1621 libenter
905 1588 935 1619 a
960 1589 1124 1638 regno
1165 1570 1541 1622 descensurum
1580 1571 1925 1639 promisisset,
1965 1587 2088 1620 con-

237 1639 418 1690 stituto
458 1639 560 1705 die,
614 1657 716 1708 quo
755 1639 822 1690 ad
861 1638 995 1689 hanc
1047 1659 1261 1691 causam
1297 1640 1683 1692 terminandam
1730 1646 1914 1691 neutro
1962 1657 2088 1707 rege

235 1716 511 1777 praesente
549 1709 805 1774 venirent,
844 1709 911 1760 ab
950 1711 1176 1761 invicem
1215 1710 1372 1762 ambo
1411 1711 1672 1762 exercitus
1711 1709 2087 1776 discesserunt3

237 1789 288 1830 et
325 1796 445 1829 ecce
484 1777 558 1829 illi
607 1797 854 1847 magnam
904 1779 1113 1830 turbam
1163 1799 1230 1832 ex
1268 1781 1522 1831 Bawariis
1570 1788 1621 1831 et
1658 1780 1906 1845 Boemiis,
1957 1796 2088 1849 quos

236 1850 343 1898 iam
403 1848 496 1899 diu
556 1858 980 1918 expectaverant,
1045 1850 1293 1902 advenire
1349 1851 1611 1903 Viderunt.
1703 1849 1821 1915 Quo
1877 1849 2088 1918 cognito

237 1918 522 1968 Heinricus
548 1919 706 1969 nimis
733 1919 792 1969 fit
815 1917 1006 1985 laetus,
1036 1919 1313 1990 factaeque
1338 1922 1488 1990 pacis
1516 1919 1726 1984 oblitus,
1751 1920 1858 1970 iam
1882 1927 2087 1971 nostros

237 2007 267 2039 a
305 1997 454 2056 tergo
502 1990 673 2039 minus
714 1996 894 2039 cautos
932 1990 1221 2055 invaderet,
1272 1992 1315 2041 si
1363 1991 1630 2060 principes
1667 1988 1757 2056 illi,
1810 1990 1901 2059 qui
1938 1988 2087 2058 pacis

237 2057 512 2110 faciendae
550 2058 867 2110 mediatores
906 2059 989 2110 vel
1027 2067 1266 2111 auctores
1305 2061 1527 2125 fuerant,
1578 2059 1737 2111 fidem
1775 2076 1926 2110 suam
1967 2076 2087 2109 con-

237 2129 493 2180 taminare
531 2146 637 2179 non
674 2129 934 2181 timerent.
1008 2130 1195 2200 Itaque
1232 2138 1492 2182 nostrates
1543 2129 1758 2180 domum
1798 2147 1920 2180 cum
1951 2145 2088 2198 ‘pace

237 2199 452 2263 reversi,
507 2216 705 2249 annum
741 2198 953 2250 fuerunt
989 2200 1252 2269 integrum
1288 2219 1385 2252 nec
1423 2199 1690 2251 laedentes
1725 2197 1954 2269 aliquem
1991 2215 2089 2249 nec

239 2271 306 2320 ab
345 2267 522 2336 aliquo
561 2267 705 2319 laesi.

379 2338 460 2389 95.
537 2337 790 2406 Sequenti
827 2356 950 2388 vero
990 2357 1144 2405 anno,
1197 2339 1289 2408 qui
1333 2348 1444 2391 erat
1481 2338 1547 2390 ab
1586 2339 1944 2390 incarnatione
1981 2337 2090 2389 Do—

240 2407 369 2457 mini
399 2408 548 2471 1078,
574 2408 763 2459 iterum
793 2406 1090 2459 Saxonicus
1120 2417 1506 2478 congregatura
1533 2410 1810 2474 exercitus,
1850 2417 1902 2459 et
1925 2408 2090 2458 missa

238 2475 499 2546 legatione
527 2477 729 2529 Suevos
767 2477 980 2529 obviam
1017 2478 1118 2530 sibi
1142 2480 1321 2530 venire
1347 2488 1681 2548 rogaverunt,
1719 2488 1777 2530 ut
1812 2478 2089 2547 utriusque

238 2545 422 2616 populi
457 2547 650 2598 virtute
689 2547 985 2612 coniuncta,
1038 2567 1219 2599 omnes
1268 2549 1367 2600 sibi
1416 2548 1755 2600 adversantes
1792 2546 1877 2599 vel
1921 2547 1989 2598 ad
2034 2564 2090 2598 se

238 2617 458 2668 transire
499 2615 885 2685 compellerent,
934 2617 1019 2668 vel
1067 2619 1168 2671 sibi
1205 2618 1465 2671 foederari
1502 2617 1738 2670 nolentes
1778 2616 1892 2668 dira
1928 2615 2088 2668 bello-

237 2705 356 2736 rum
405 2685 741 2738 tribulatione
787 2687 1084 2755 fatigarent.
1168 2688 1327 2753 Quod
1374 2689 1735 2757 cognoscensb
1787 2687 2085 2752 Heinricus,

237 2755 427 2807 robore
489 2763 811 2825 congregato
872 2758 1154 2810 intervenit
1206 2758 1439 2826 medius,
1501 2776 1598 2809 nec
1652 2765 1731 2809 est
1788 2775 1977 2827 passus
2031 2763 2089 2808 ut

239 2835 461 2895 uterque
487 2827 541 2876 in
566 2845 731 2877 unum
769 2827 1074 2879 conveniret
1099 2829 1380 2880 exercitus.
1454 2828 1736 2879 Exercitus
1762 2844 1889 2896 ergo
1920 2829 2085 2878 Saxo-

238 2896 389 2946 nicus
427 2895 495 2946 ad
531 2895 999 2947 Methelrikestadc
1037 2897 1203 2963 venit,
1251 2897 1432 2968 ibique
1470 2898 1781 2949 Heinricum
1821 2915 1943 2947 cum
1980 2913 2088 2947 non

238 2981 402 3032 parvo
453 2965 642 3016 robore
691 2966 900 3017 virtutis
956 2967 1171 3018 invenit.
1271 2967 1414 3032 Quid
1465 2969 1520 3018 in
1574 2966 1837 3017 narrando
1883 2984 2086 3017 moram

236 3033 390 3099 facio,
441 3052 556 3084 cum
606 3033 678 3085 illi
717 3034 915 3085 nullam
951 3035 1200 3088 fecissent
1246 3038 1300 3086 in
1344 3036 1591 3106 agendo?
1644 3035 1912 3088 Proelium
1957 3036 2086 3086 inci-

237 3104 394 3172 pitur,
442 3104 646 3155 fortiter
690 3104 851 3155 immo
904 3105 1184 3158 crudeliter
1221 3125 1288 3157 ex
1335 3116 1559 3177 utraque
1604 3114 1753 3176 parte
1803 3114 2084 3175 pugnatur,

237 3181 287 3224 et
325 3172 447 3224 hinc
486 3184 536 3225 et
571 3173 693 3225 inde
739 3173 837 3225 fuit
882 3174 1120 3226 diversus
1172 3185 1391 3228 eventus
1437 3194 1674 3246 pugnae,
1729 3176 1937 3244 fugiunt
1981 3175 2088 3235 isti,

235 3242 447 3311 fugiunt
495 3242 590 3309 illi,
646 3244 811 3294 nostri
858 3245 1137 3313 capiuntur
1186 3246 1277 3297 sed
1328 3247 1648 3316 eripiuntur,
1705 3246 1880 3297 hostes
1929 3246 2085 3296 inter-

238 3384 275 3421 a)
305 3389 556 3424 congregatus
588 3387 619 3417 1.
722 3387 758 3425 h)
790 3396 1002 3426 agnoscens
1032 3390 1063 3420 2.
1179 3387 1212 3429 c)
1242 3389 1574 3422 Methelrikestadt
1602 3391 1644 3428 13
1683 3387 2017 3421 Methelrichestad
2045 3387 2088 3426 23

222 3434 551 3467 'Macheltikestad
582 3431 623 3465 1b
651 3436 728 3467 cod.
757 3436 882 3469 Dresd.
