2204 3765
0 145 3 205 Ι

0 288 1 332 1

549 103 748 143 BRUNO
780 104 860 142 DE
894 105 1090 146 BELLO
1125 107 1431 150 SAXONICO.
1865 121 1920 158 43

79 241 229 292 iusta
267 247 313 290 et
342 238 648 307 probabilis
687 257 868 290 coram
901 241 1013 292 Deo
1052 243 1459 315 hominibusque
1497 251 1791 317 videbatur,
1831 275 1923 323 eqo
1946 276 2050 307 10⁷0.

80 326 290 378 quoque
328 310 644 372 assentiens,
683 326 834 360 omne
870 309 967 360 tibi
995 321 1244 378 papatus
1283 317 1369 365 ius
1397 319 1539 384 quod
1565 320 1753 370 habere
1782 325 1924 373 visus

78 396 135 430 es
162 378 498 441 abrenuntio,
538 384 693 445 atque
721 385 778 427 ut
804 397 838 427 a
864 378 982 429 sede
1021 379 1190 445 Urbis,
1229 385 1384 434 cuius
1418 387 1579 438 michi
1597 392 1927 454 patriciatus

81 447 197 498 Deo
247 446 507 497 tribuente
555 453 603 495 et
650 447 834 497 iurato
883 447 1254 501 Romanorum
1313 471 1535 504 assensu
1585 458 1816 522 debetur,
1872 469 1927 510 ut

80 515 376 568 descendas
415 515 597 567 edico.’

187 585 337 636 Haec
358 585 519 635 series
540 591 756 634 nostrae
776 584 1032 651 epistolae
1055 586 1129 636 ad
1145 587 1572 643 Hildebranclum
1600 596 1816 645 monach
1831 616 1929 647 nm.

85 652 264 714 Quam
288 654 495 705 idcirco
522 661 568 704 et
593 653 740 703 vobis
766 655 1102 721 scripsimus,
1132 663 1189 704 ut
1215 664 1259 706 et
1285 658 1429 709 vobis
1456 670 1636 711 nostru
1670 664 1929 729 voluntas,

80 731 130 775 et
174 723 353 788 nobiS,
409 723 565 773 immo
617 721 732 771 Deo
788 729 834 772 et
888 723 1068 786 nobis,
1124 733 1297 776 vestra
1355 730 1662 797 satisfaciat
1709 736 1928 784 caritas.

81 793 352 861 Exurqite
398 793 573 861 iqitur
608 792 669 842 in
708 809 852 855 eum,
894 792 1238 859 fidelissimi,
1289 803 1335 846 et
1371 799 1438 847 sit
1478 802 1692 867 primus
1733 805 1787 853 in
1816 803 1930 868 fide

73 863 292 931 primus
329 863 390 912 in
427 863 543 911 eius
580 861 947 912 danmatione.
1011 862 1139 914 Non
1167 872 1340 915 autem
1378 875 1434 917 ut
1472 873 1787 937 sanquinem
1817 875 1931 923 cius

61 930 334 1001 fundatis
380 931 638 994 dicimus,
692 931 893 999 quippe
940 949 1059 982 cum
1107 936 1283 984 maior
1320 936 1423 986 sibi
1460 939 1528 987 sit
1560 948 1682 1005 post
1720 941 1928 1008 deposi-

80 1002 277 1053 tionem
308 1019 490 1068 poena
526 1001 640 1050 vita
679 1017 843 1066 quam
879 1018 1044 1064 mors,
1090 1001 1182 1052 sed
1220 1010 1278 1052 ut
1313 1023 1430 1055 eum
1467 1009 1515 1057 si
1551 1007 1682 1059 nolit
1719 1011 1928 1061 descen—

81 1070 206 1122 dere
260 1071 492 1139 coyatiS,
548 1076 595 1119 et
644 1068 812 1120 alium
873 1072 1139 1121 communi
1188 1074 1421 1124 omnium
1475 1078 1840 1144 episcoporum
1888 1088 1932 1131 et

81 1147 252 1191 vestro
301 1138 525 1190 consilio
576 1157 611 1189 a
647 1138 802 1189 nobis
853 1138 1064 1189 electum
1106 1141 1163 1190 in
1204 1143 1549 1208 apostolicam
1592 1147 1759 1197 sedem
1800 1151 1929 1199 reci-

77 1211 276 1277 piatis,
327 1210 422 1278 qui
458 1208 601 1277 quod
635 1210 731 1260 iste
766 1209 828 1258 in
867 1206 1090 1261 ecclesia
1126 1209 1457 1276 vulneravit,
1503 1233 1695 1266 curare
1733 1224 1778 1266 et
1816 1217 1933 1269 velit

80 1286 129 1331 et
159 1279 349 1347 possit.

222 1348 305 1399 67.
380 1347 774 1413 Heinricusa.1,
825 1365 936 1398 non
983 1350 1304 1416 usurpative
1353 1350 1445 1401 sed
1483 1353 1591 1419 pia
1631 1353 1737 1405 Dei
1787 1355 1931 1405 ordi-

81 1420 304 1470 natione
353 1435 468 1483 ress,
521 1416 925 1481 Hildebrando,
981 1418 1093 1469 iam
1144 1436 1252 1469 non
1311 1421 1599 1486 apostolico
1651 1424 1741 1474 sed
1775 1423 1932 1489 falso

80 1487 358 1539 monacho.
433 1488 596 1539 Hanc
644 1486 799 1537 talem
846 1504 955 1554 pro
1004 1486 1354 1555 confusioneb
1408 1497 1504 1540 tua
1560 1491 1933 1545 salutationem

78 1557 454 1625 promeruisti,
511 1557 606 1625 qui
658 1555 868 1607 nullum
923 1557 983 1607 in
1040 1557 1256 1608 ecclesia
1313 1559 1552 1611 ordinem
1599 1564 1931 1628 praeteristi,

83 1644 236 1695 quem
255 1625 597 1695 confusionis
616 1645 727 1678 non
747 1626 985 1690 honoris,
1012 1626 1406 1678 maledictionis
1427 1648 1534 1680 non
1556 1630 1812 1682 benedicti
1818 1651 1878 1682 on
1892 1634 1933 1682 is

77 1697 407 1764 participem
443 1715 551 1747 non
574 1695 796 1764 feceris.
866 1696 930 1746 Ut
967 1696 1106 1747 enim
1134 1697 1197 1747 de
1223 1696 1402 1748 multis
1417 1717 1607 1765 pauca
1646 1708 1691 1750 et
1716 1703 1934 1770 eqo·eqz'ci

79 1766 384 1834 loquamur,
421 1773 649 1817 rectores
675 1772 894 1816 sanctae
921 1764 1186 1830 ecclesiae,
1216 1766 1457 1817 videlicet
1488 1769 1934 1837 archiepiscopos,

81 1837 378 1904 episcopos,
408 1835 768 1906 presbyteros,
808 1853 919 1886 non
956 1836 1109 1886 modo
1149 1855 1258 1887 non
1298 1843 1518 1904 tanqere
1545 1840 1680 1889 sicut
1712 1839 1935 1890 christos
1952 1858 2008 1888 Pa.

82 1905 311 1957 Domini
346 1906 596 1970 timuisti,
648 1907 780 1974 quin
831 1906 969 1955 sicut
1012 1923 1215 1970 servos,
1270 1908 1555 1958 nescientes
1595 1909 1726 1976 quid
1747 1906 2036 1974 faciat104’
2069 1907 2124 1940 ¹⁵·

82 1976 335 2027 dominus
372 1994 568 2039 eorum,
609 1975 704 2026 sub
733 1974 972 2043 pedibus
1009 1976 1116 2025 tuis
1154 1974 1380 2026 calcasti
1392 1995 1411 2041 ,·
1450 1977 1509 2027 in
1549 1995 1774 2046 quorum
1812 1996 1931 2029 con-
1954 1999 2104 2038 Joh.15,
2140 2000 2196 2033 15.

83 2044 383 2105 culcatione
413 2045 512 2096 tibi
521 2044 778 2112 favorem
805 2044 869 2095 ab
899 2062 986 2095 ore
1012 2043 1164 2113 vulqi
1190 2047 1522 2113 comparasti
1534 2064 1552 2110 ,·
1591 2065 1720 2115 quos
1761 2065 1935 2097 omnes

82 2113 256 2166 nichil
293 2116 458 2179 scire,
508 2122 553 2166 te
593 2123 767 2165 autem·
816 2114 983 2165 solum
1039 2116 1220 2165 omnia
1269 2133 1419 2165 nosse
1458 2116 1733 2167 iudicasti.
1814 2115 1933 2175 Qua

81 2186 266 2253 utique
303 2185 531 2235 scientia
569 2203 681 2236 non
720 2185 794 2236 ad
834 2183 1275 2250 aedificationem,
1314 2185 1405 2235 sed
1433 2185 1506 2235 ad
1531 2186 1935 2237 destructionem

82 2256 166 2305 uti
203 2254 474 2314 studuisti,
516 2261 574 2304 ut
610 2255 762 2305 iurec
800 2253 1008 2304 beatum
1048 2251 1389 2322 Gregorium,
1427 2256 1581 2305 cuius
1618 2274 1804 2306 nomen
1840 2256 1936 2306 tibi

83 2324 408 2390 vendicasti,
459 2323 522 2374 de
558 2331 604 2373 te
650 2324 1004 2392 prophetasse
1043 2324 1323 2374 credamus
1370 2325 1446 2375 sic
1493 2325 1778 2376 dicentem:
1830 2325 1932 2374 ‘Eae
1950 2342 2044 2374 Pasa.

85 2393 375 2462 affluentia
413 2394 767 2444 subiectorum
790 2393 1110 2461 plerumque
1137 2395 1353 2444 animus
1378 2393 1622 2461 praelati
1647 2392 1932 2458 extollitur,
1952 2391 2000 2431 1¹>
2030 2392 2062 2424 ⁶·

83 2471 132 2515 et
169 2464 418 2514 aestimat
454 2482 506 2514 se
540 2462 670 2531 plus
712 2464 957 2514 omnibus
996 2482 1167 2528 nosse,
1207 2482 1325 2513 cum
1362 2482 1414 2513 se
1440 2463 1582 2514 videt
1609 2463 1736 2531 plu-s
1764 2464 1931 2514 omni-

82 2533 180 2584 bus
211 2534 402 2602 posse!
476 2533 547 2583 Et
590 2551 689 2583 nos
736 2533 950 2602 quidem
989 2533 1118 2583 haec
1158 2534 1341 2583 omnia
1378 2534 1756 2596 sustinuimus,
1808 2533 1934 2583 dum

85 2602 414 2671 apostolicae
463 2602 607 2653 sedis
656 2603 906 2654 honorem
949 2621 1166 2653 servare
1208 2602 1526 2655 studuimus.
1600 2601 1708 2653 Sed
1744 2609 1799 2651 tu
1837 2602 1931 2651 hu-

82 2672 360 2724 militatem
405 2679 646 2723 nostram
692 2674 931 2723 timorem
962 2671 1094 2740 fore
1142 2669 1477 2736 intelleaeisti,
1528 2671 1749 2739 ideoque
1793 2678 1837 2720 et
1876 2671 1934 2720 in

83 2743 266 2812 ipsam
308 2743 520 2811 reqiam
556 2749 874 2811 potestatem
921 2742 1072 2792 nobis
1111 2761 1144 2792 a
1182 2741 1298 2791 Deo
1337 2759 1638 2791 concessam
1675 2757 1934 2808 cosurgere

86 2829 197 2863 non
234 2813 476 2876 timuisti,
516 2830 678 2880 quam
704 2819 751 2863 te
776 2811 929 2862 nobis
957 2810 1206 2879 auferred
1245 2829 1412 2860 ausus
1439 2828 1491 2860 es
1516 2811 1736 2873 minari,
1776 2810 1936 2877 quasi

85 2892 184 2933 nos
224 2901 259 2932 a
295 2889 340 2933 te
375 2900 605 2951 reqnum
644 2882 1039 2950 acceperimus,
1078 2881 1239 2949 quasi
1276 2881 1335 2929 in
1371 2887 1468 2929 tua
1505 2886 1551 2929 et
1587 2897 1697 2930 non
1733 2879 1791 2928 in
1830 2877 1935 2928 Dei

83 2969 254 3002 manu
291 2952 361 3002 sit
395 2970 623 3021 regnum
659 2951 740 3003 vel
775 2953 1097 3019 imperium,·
1137 2951 1234 3017 qui
1282 2949 1531 3000 dominus
1573 2956 1748 2999 noster
1785 2947 1934 2997 Iesus

91 3019 336 3074 Christus
385 3039 485 3072 nos
535 3021 608 3072 ad
643 3040 897 3089 reqnum,
948 3027 993 3070 te
1033 3027 1208 3070 autem
1257 3037 1365 3069 non
1404 3019 1611 3069 vocavit
1649 3017 1722 3068 ad
1764 3020 1934 3068 sacer-

85 3091 308 3142 dotium.
385 3091 464 3141 Tu
501 3093 642 3142 enim
680 3091 764 3141 his
802 3089 1068 3159 ¹qradibus
1109 3089 1429 3139 ascendisti:
1477 3087 1671 3138 scilicet
1716 3086 1933 3148 astutia,

88 3160 231 3229 quod
267 3161 590 3211 monachica
617 3158 894 3229 professio
923 3159 1320 3221 abhominatur,
1349 3158 1661 3226 pecuniam,
1691 3161 1935 3223 pecunia

89 3268 126 3312 a)
154 3271 202 3304 H.
234 3273 267 3303 1.
369 3269 410 3312 b)
439 3272 681 3305 confessione
710 3272 743 3304 2.
844 3269 878 3312 c)
907 3273 989 3302 iure
1016 3271 1087 3301 hoc
1113 3270 1146 3300 b.
1175 3269 1207 3303 2.
1307 3266 1344 3308 d)
1374 3267 1514 3302 auferri
1544 3269 1571 3299 1.

95 3348 140 3404 1)
174 3365 215 3391 v.
250 3350 415 3404 Legum
464 3350 512 3392 T.
551 3351 620 3400 H,
661 3365 708 3403 p.
754 3352 828 3392 47.
870 3349 920 3390 P.
984 3346 1161 3390 Accedit
1202 3346 1335 3399 Jaffe‘i
1375 3345 1504 3387 editio
1545 3343 1738 3385 BIonum.
1780 3340 1934 3383 Bamb.

85 3425 134 3464 p.
173 3412 254 3451 101
289 3411 337 3452 in
372 3412 465 3454 cod.
507 3411 716 3454 Udalriei.
