2204 3765
452 877 550 929 PR
562 877 652 929 OL
665 876 760 929 OG
774 879 861 931 US
901 879 1273 934 SAXONICI
1299 883 1539 934 BELLI.

212 1010 437 1073 .1)omno
477 1039 572 1072 suo
600 1021 956 1084 dilectissimo,
997 1043 1286 1095 numquam
1314 1028 1425 1077 sine
1462 1028 1550 1096 pia
1585 1029 1915 1079 veneratione

70 1089 419 1156 nominando,
480 1091 829 1143 Werinheroa
891 1102 1101 1144 sanctae
1158 1095 1607 1164 Merseburgensis
1663 1096 1915 1149 ecclcsiae

69 1159 300 1280 praesuli
325 1160 643 1226 venerando,
684 1161 882 1227 Bruno,
919 1161 1043 1213 licet
1080 1165 1372 1232 perexigua
1404 1183 1527 1216 suae
1555 1175 1729 1217 tamen
1767 1166 1915 1215 fami-

93 1229 170 1281 'ae
206 1229 397 1298 portio,
437 1230 692 1299 quicquid
730 1230 869 1282 valet
906 1231 1130 1283 hominis
1168 1235 1441 1303 utriusque
1480 1235 1705 1286 devotio.

210 1300 354 1350 Inter
400 1317 520 1350 eum
559 1300 648 1368 qui
683 1319 877 1351 munus
914 1300 1128 1370 aliquod
1168 1301 1342 1367 donat,
1391 1311 1441 1355 et
1478 1322 1597 1355 eum
1638 1306 1720 1355 cui
1759 1305 1914 1356 dona-

69 1376 170 1434 tur,
207 1368 337 1420 haec
374 1376 452 1419 est
490 1367 823 1420 observanda
859 1371 1011 1436 ratio,
1048 1378 1105 1421 ut
1132 1389 1251 1422 cum
1276 1373 1373 1424 iste
1399 1373 1454 1422 in
1479 1373 1733 1424 thesauris
1760 1374 1917 1425 nichil

68 1437 352 1505 pretiosius
401 1437 543 1505 quod
589 1438 746 1489 donet
781 1439 1016 1490 invenire
1053 1439 1240 1506 valeat,
1290 1450 1414 1492 tunc
1453 1440 1537 1492 ille
1575 1461 1790 1494 munere
1828 1442 1917 1494 tali

68 1505 231 1557 nichil
266 1506 544 1558 iocundius
581 1508 826 1577 accipiat.
890 1508 1046 1572 Quod
1085 1527 1182 1578 ego
1210 1510 1564 1576 considerans,
1603 1530 1723 1562 cum
1749 1521 1915 1581 pater-

69 1575 220 1627 nitati
265 1583 488 1642 vestrae,
537 1578 620 1626 cui
665 1595 761 1644 pro
811 1576 1013 1628 viribus
1063 1579 1192 1628 meis
1229 1579 1389 1630 immo
1428 1579 1563 1631 ultra
1600 1582 1736 1632 vires
1774 1600 1915 1633 meas

69 1662 277 1714 semper
326 1647 520 1696 servire
570 1645 826 1709 desidero,
878 1665 1067 1697 munus
1117 1646 1329 1715 aliquod
1383 1648 1565 1700 offerre
1615 1649 1914 1713 voluissem,

70 1731 174 1782 quo
222 1713 485 1765 fervorem
529 1716 717 1765 mentis
757 1715 914 1766 etiam
951 1716 1076 1766 foris
1114 1715 1337 1767 alicuius
1376 1719 1548 1785 operis
1586 1721 1915 1770 attestatione

69 1791 434 1848 monstrarem,
473 1784 715 1835 omnibus
754 1785 958 1835 scriniis
996 1803 1233 1836 mearum
1270 1785 1578 1837 facultatum
1615 1789 1916 1856 perquisitis

69 1851 241 1903 solum
284 1851 578 1904 litterarum
623 1871 791 1920 genus
840 1854 1044 1919 inveni,
1096 1854 1237 1922 quod
1287 1862 1338 1906 et
1383 1864 1589 1906 Vestrae
1636 1858 1915 1908 convenire

70 1921 315 1988 dignitati
362 1930 413 1973 et
460 1940 610 1973 meae
658 1940 765 1973 non
800 1922 973 1991 impar
1011 1941 1125 1974 esse
1162 1931 1405 1992 putarem
1442 1923 1725 1976 devotioni.
1797 1926 1916 1976 Hoc

70 1991 210 2042 enim
247 2009 438 2042 munus
477 1993 662 2042 ceteris
700 1992 959 2056 omnibus,
1001 2009 1135 2061 quae
1175 1991 1276 2043 sibi
1312 1993 1538 2044 invicem
1577 1995 1743 2062 possit
1775 1995 1916 2047 beni-

69 2061 244 2129 gnitas
280 2059 512 2111 humana
547 2059 744 2129 largiri,
783 2062 1064 2129 pretiosius
1102 2062 1340 2127 aestimo,
1381 2063 1504 2131 quia
1541 2065 1652 2113 eius
1692 2072 1743 2114 et
1769 2065 1916 2132 origo

67 2128 295 2182 nobilior
332 2137 383 2181 et
419 2148 545 2181 usus
585 2129 921 2182 excellentior
947 2139 998 2182 et
1022 2138 1164 2182 aetas
1189 2130 1444 2199 probatiu·
1469 2151 1581 2183 esse
1608 2131 1916 2184 diuturnior.

69 2201 276 2249 Aurum
325 2217 555 2268 namque
593 2198 680 2250 vel
717 2208 892 2251 cetera
929 2218 1064 2269 quae
1101 2199 1340 2252 homines
1378 2202 1666 2270 praecipua
1703 2201 1916 2267 ducunt,

69 2267 134 2320 de
184 2277 358 2320 terrae
405 2269 697 2320 visceribus
733 2277 859 2321 nata
876 2270 913 2334 Β,
963 2268 1166 2320 nullum
1201 2270 1438 2322 tribuunt
1474 2272 1678 2321 animae
1716 2271 1917 2339 profec-

68 2345 212 2403 tum,
266 2337 359 2388 sed
406 2337 679 2407 fragilitati
738 2356 1022 2407 corporeae
1072 2337 1232 2390 breve
1283 2339 1579 2390 subsidium
1625 2339 1710 2390 vel
1759 2341 1916 2392 etiam

67 2405 309 2457 luxuriae
345 2407 602 2475 praebent
638 2417 791 2476 turpe
819 2408 1107 2473 servitium,
1148 2415 1199 2458 et
1224 2407 1352 2458 dum
1378 2426 1601 2477 corpora
1626 2417 1917 2460 sustentant

68 2475 358 2543 hominum,
385 2477 616 2545 effugere
642 2478 916 2546 proprium
940 2495 1046 2530 non
1071 2486 1292 2545 possunt
1316 2478 1598 2529 interitum.
1662 2478 1915 2542 Quamvis

70 2546 229 2597 etiam
267 2547 311 2596 si
349 2546 528 2615 quieta
576 2547 794 2612 iaceant,
847 2564 954 2597 non
991 2547 1093 2596 sint
1130 2555 1256 2611 tuta,
1309 2546 1433 2597 dum
1478 2548 1735 2599 tinearum
1782 2566 1916 2598 mor-

72 2615 217 2666 sibus
262 2615 347 2666 vel
385 2615 571 2668 scabra
606 2614 850 2684 rubigine
890 2633 1118 2681 corrosa,
1170 2615 1260 2666 diu
1298 2634 1509 2668 manere
1545 2634 1650 2667 non
1687 2615 1911 2667 valeant.

70 2684 318 2736 Studium
363 2703 491 2736 vero
539 2684 829 2736 litterarum
875 2703 906 2734 a
951 2683 1200 2736 latebrisc
1249 2686 1455 2735 animae
1506 2685 1911 2737 secretioribusd

68 2753 244 2823 ligone
282 2755 498 2806 rationis
548 2754 811 2818 effossum,
861 2753 1063 2804 nullum
1102 2753 1259 2806 debet
1296 2755 1530 2822 corporis
1569 2753 1911 2806 imbecillitati

70 2823 357 2888 servitium,
410 2823 502 2875 sed
539 2842 677 2887 eum,
730 2825 878 2874 cuius
915 2823 1172 2874 industria
1208 2823 1480 2892 processit,
1526 2823 1716 2874 format
1753 2832 1803 2875 et
1841 2825 1914 2874 in-

69 2893 223 2944 struit
257 2893 510 2958 animum,
547 2895 679 2945 adeo
708 2893 991 2945 senectutis
1016 2891 1101 2943 vel
1125 2893 1362 2944 interitus
1388 2894 1644 2960 ignarum,
1674 2901 1731 2944 ut
1756 2894 1914 2945 etiam

70 2980 133 3013 ea
181 2979 315 3030 quae
358 2969 588 3013 torrente
638 2961 889 3014 violentia
924 2962 1175 3030 temporis
1211 2963 1486 3030 rapiuntur
1523 2961 1590 3013 ad
1626 2963 1912 3025 interitum,

70 3030 136 3081 ab
185 3032 303 3100 ipso
355 3032 609 3100 temporis
658 3032 862 3100 impetu
909 3030 1198 3082 litterarum
1242 3032 1407 3082 virtus
1447 3040 1663 3083 conetur
1700 3033 1914 3100 eripere,

0 3116 1 3121 ’
71 3108 123 3151 et
160 3118 368 3168 semper
403 3118 542 3151 nova
568 3101 718 3169 quasi
744 3101 1048 3152 stationaria
1074 3099 1370 3168 legentibus
1397 3101 1686 3152 ostendere.
1746 3101 1916 3169 Igitur

70 3168 269 3221 bellum
306 3169 448 3237 quod
485 3168 768 3221 Heinricus
804 3189 900 3221 rex
937 3188 1059 3220 cum
1087 3168 1386 3221 Saxonibus
1426 3171 1548 3237 egit,
1588 3168 1707 3220 volo
1746 3168 1911 3220 brevi-

69 3246 150 3290 ter
185 3246 237 3290 et
272 3238 530 3289 veraciter
573 3238 817 3305 scribere,
868 3240 1002 3290 sicut
1039 3238 1105 3289 ab
1144 3239 1240 3304 his,
1293 3239 1384 3308 qui
1419 3239 1576 3290 rebus
1615 3240 1912 3302 intererant,

73 3353 110 3396 a)
139 3357 368 3389 Werinnero
395 3367 422 3389 c.
513 3356 551 3397 b)
579 3358 630 3389 ica
657 3359 755 3397 edd,;
782 3361 870 3389 nato
897 3367 925 3390 c.
1013 3356 1046 3397 c)
1074 3358 1125 3388 ita
1151 3358 1343 3389 emendavit
1370 3358 1403 3389 I.
1433 3357 1496 3388 Th.
1527 3358 1672 3396 Breysz'q
1698 3357 1735 3386 in
1761 3357 1844 3388 diss.
1873 3357 1913 3387 ‹le

69 3406 282 3437 continuato
311 3406 414 3437 Fred.
443 3405 619 3445 chronico,
648 3407 767 3438 Berol.
796 3416 830 3438 α.
863 3406 974 3445 1849;
1004 3407 1134 3438 lateris
1161 3415 1188 3437 c.
1291 3405 1328 3446 d)
1355 3407 1406 3438 ita
1433 3406 1509 3444 ed.;
1535 3406 1760 3436 stercoribus
1787 3414 1814 3436 c.

1511 3466 1534 3514 1

1935 920 2179 960 .55.1·,p.329.
