2204 3765
555 85 758 129 BRUNO
792 89 874 130 DE
908 91 1105 134 BELLO
1141 95 1453 141 SAXONICO.
1868 115 1920 151 59

81 243 189 276 non
229 242 412 275 amare
458 225 812 290 convincitur,
869 231 965 294 qni
1009 238 1190 282 tantae
1238 235 1462 287 utilitati
1506 246 1713 309 tamque
1754 264 2030 302 neces-10„

80 296 264 346 sariae
289 300 511 344 sanctae
539 296 731 344 matris
757 295 1022 362 ecclesiae,
1052 310 1222 367 prout
1260 304 1445 355 melius
1472 316 1662 374 potest,
1705 313 1922 379 negyle'qit
2040 297 2046 304 ⁸

73 363 377 433 providere.
452 362 574 413 Hac
620 381 850 431 namque
887 368 1107 430 virtute,
1156 371 1216 420 id
1262 380 1335 422 est
1373 378 1623 440 caritate,
1673 371 1922 447 neqlecta,

78 432 342 501 quicquid
385 431 513 482 boni
551 432 754 498 aliquis
774 432 1000 499 fecerit,
1051 441 1195 489 omni
1225 440 1423 505 fructa
1472 444 1664 497 salutis
1709 436 1921 501 carebit.

78 501 228 553 Haec
270 503 453 570 itaque
500 501 772 552 humiliter
810 504 1046 571 ayendo,
1097 513 1142 555 et
1180 526 1407 559 amorem
1448 512 1551 563 Dei
1586 523 1631 564 et
1661 522 1920 582 prorimi,

76 572 216 622 sicut
252 577 478 639 oportet,
517 571 808 635 servando,
838 584 1205 640 praesumant
1242 578 1305 627 de
1344 578 1492 630 illius
1531 585 1920 652 misericomlia,

76 641 173 708 qui
208 640 377 691 dimit:
428 640 651 690 ‘Discite
691 659 725 690 a
762 659 857 704 me,
896 643 1027 709 quia
1065 645 1208 694 mitis
1247 664 1361 697 sum
1400 657 1445 697 et
1482 650 1698 702 humilis
1735 642 2073 723 corde.·f',‘¹'‘{‘g,

75 707 273 768 *Quem
327 710 375 759 si
435 708 708 760 humiliter
763 711 965 760 imitati
1003 712 1255 779 fuerint,
1313 717 1376 766 cle
1422 737 1586 787 regno
1649 723 1832 774 servili
1878 716 2094 778 etnvffsm'.

72 779 393 829 transitorio
420 778 494 829 ad
531 797 756 847 regnum
782 797 939 830 verae
975 780 1238 834 libertatis
1275 793 1321 834 et
1361 791 1690 841 aeternitatis
1728 797 1921 845 transi-

72 847 252 900 bunia.
278 847 466 899 Amen.
494 846 870 900 Amnzonemus
897 851 1215 917 vosfratres
1241 862 1286 903 et
1306 859 1674 925 coepiscoposb
1697 871 1919 927 nostros,

71 917 359 986 nefaciem
383 918 700 985 principum
726 919 1074 985 trepidantes,
1101 924 1371 974 veritatem
1393 928 1466 976 eis
1487 927 1658 978 dicere
1678 932 1920 996 timeatis,

25 1047 28 1049 ¹
70 987 409 1038 incurrentes
446 986 587 1039 illud
614 985 935 1056 Gregorii&
975 989 1125 1041 ‘Cum
1163 992 1222 1041 in
1260 1000 1406 1044 terra
1446 996 1700 1048 hominem
1733 1010 1919 1050 contra

70 1058 346 1108 veritatem
408 1055 627 1125 quilibet
672 1065 865 1125 pavet,
923 1059 1158 1110 eiusdem
1211 1063 1453 1114 veritatis
1510 1067 1647 1117 iram
1704 1069 1921 1120 coelitus

71 1127 326 1178 sustinet.’

210 1194 292 1246 74.
363 1194 597 1264 Legatus
647 1194 787 1263 regis
830 1213 1075 1247 reversus
1092 1207 1126 1263 2,
1178 1215 1297 1249 cum
1336 1201 1469 1269 regi,
1518 1203 1608 1271 qui
1652 1212 1774 1254 tunc
1813 1212 2047 1258 eratvffss-

70 1263 324 1331 Traiecti,
370 1264 517 1334 quod
560 1272 672 1317 erat
719 1267 1209 1319 excommunicatus
1252 1268 1535 1335 indicaret,
1586 1271 1920 1339 willehalmi,
1943 1266 2046 1345 ‘'2⁶7r‘·

69 1334 240 1403 ipsius
277 1334 426 1387 urbis
464 1334 718 1404 episcopi,
759 1333 977 1385 consilio
1014 1354 1111 1388 rex
1143 1340 1739 1393 excommunicationem
1780 1343 1921 1395 illam
1968 1336 1984 1345 ⁸
2015 1337 2023 1346 ’

68 1402 278 1455 nichilic
311 1403 511 1473 pendit,
571 1404 873 1473 Episcopus
901 1422 1112 1474 quoque
1138 1406 1277 1457 idem
1302 1409 1506 1474 timenS,
1535 1429 1599 1461 nc
1627 1411 1670 1461 si
1696 1413 1920 1480 populus

67 1471 200 1525 haec
249 1474 506 1538 audisset,
561 1492 593 1524 a
638 1491 764 1542 rege
819 1475 955 1525 sicut
1001 1475 1067 1526 ab
1107 1479 1562 1530 excommunicato
1613 1479 1917 1545 discederet,

0 1553 1 1570 ³
67 1542 205 1595 inter
240 1545 433 1595 missas
471 1561 768 1596 sermonem
805 1543 1006 1595 faciens
1044 1544 1112 1595 ad
1154 1546 1437 1615 populum,
1487 1549 1735 1601 derisorie
1776 1552 1919 1620 quod

66 1631 164 1665 rex
202 1623 339 1665 esset
381 1613 872 1665 excommunicatus
917 1613 1199 1680 indicavit,
1247 1616 1339 1667 sed
1386 1617 1519 1668 hanc
1563 1623 1917 1670 excommuni-

0 1711 1 1722 π
68 1683 327 1734 cationem
351 1683 515 1734 nichil
541 1682 730 1748 valere,
769 1682 962 1752 quibus
988 1692 1195 1753 poterat
1219 1685 1410 1750 verbis,
1448 1696 1626 1755 utpote
1662 1688 1916 1740 facundus

0 1754 1 1766 ³
66 1751 241 1818 homo,
280 1752 628 1804 confirmavit.
693 1752 801 1805 Sed
828 1763 1083 1822 quantum
1121 1753 1331 1820 valeret,
1369 1756 1422 1805 in
1461 1775 1514 1807 se
1551 1757 1665 1826 ipso
1705 1768 1917 1810 coactus

66 1830 147 1874 est
182 1840 484 1891 agnoscere,
524 1823 569 1874 si
603 1822 786 1874 liceret
821 1824 869 1874 ei
906 1823 1225 1893 poenitendo
1253 1842 1283 1875 a
1309 1824 1555 1893 superbia
1594 1827 1916 1894 resipiscere.

64 1891 203 1943 Nam
228 1893 283 1943 in
306 1894 423 1962 ipso
460 1893 593 1959 locO,
630 1893 684 1943 in
712 1911 817 1962 quo
843 1893 1083 1944 Romano
1111 1894 1348 1962 pontifici
1385 1894 1671 1963 derogabat
1703 1897 1917 1966 eiusque

62 1969 380 2031 potestatem
416 1963 672 2015 verbosus
709 1961 1031 2014 adnichilare
1069 1962 1358 2029 laborabat,
1396 1965 1509 2033 ipse
1546 1964 1681 2014 mala
1726 1964 1918 2016 valetu-

64 2032 187 2083 dine
225 2033 534 2102 corripitur,
578 2033 634 2083 in
673 2051 777 2102 qua
814 2051 982 2102 usque
1020 2033 1088 2084 ad
1125 2032 1481 2085 miserandum
1520 2035 1740 2085 miserae
1779 2036 1917 2086 vitae

63 2101 225 2153 finem
250 2102 528 2154 detinetur.
590 2103 779 2172 Itaque
805 2102 993 2154 morbo
1020 2103 1190 2171 magis
1217 2121 1279 2153 ac
1304 2104 1474 2171 magis
1501 2104 1914 2171 ingravescente,

63 2171 191 2223 dum
241 2181 379 2224 esset
416 2190 537 2224 cum
585 2190 646 2224 eo
687 2171 905 2242 quidam
952 2172 1109 2224 homo
1159 2173 1327 2241 regis,
1378 2173 1638 2241 eumqued
1689 2182 1913 2240 rogaret,

62 2251 122 2292 ut
158 2259 214 2293 se
252 2260 374 2293 cum
413 2260 508 2294 suo
546 2242 796 2294 mandato
833 2244 1124 2294 remitteret
1159 2241 1227 2293 ad
1263 2259 1470 2308 regem:
1527 2241 1692 2306 ‘Hoc’,
1731 2243 1914 2311 inquit,

64 2311 130 2362 ‘ei
154 2312 305 2364 mitto
332 2311 658 2379 mandatum,
687 2312 830 2382 quod
857 2313 972 2381 ipse
999 2319 1051 2363 et
1077 2330 1191 2381 ego,
1231 2320 1282 2363 et
1308 2329 1488 2363 omnes
1516 2312 1627 2362 eius
1653 2311 1915 2380 iniquitati

59 2380 317 2448 faventeS,
356 2381 591 2434 damnati
628 2401 809 2433 sumus
846 2382 901 2432 in
937 2383 1284 2452 pe1·petuum.'
1333 2382 1571 2450 Cumque
1609 2398 1639 2430 a
1679 2382 1787 2431 suis
1827 2382 1915 2450 qui

62 2450 283 2504 aderant
320 2450 551 2519 clericis,
588 2470 654 2504 ne
690 2450 816 2503 talia
852 2450 1155 2521 loqueretur
1190 2458 1327 2503 esset
1363 2450 1703 2501 ammonitus:
1759 2449 1916 2514 ‘Quid

61 2519 240 2588 aliud',
277 2523 465 2591 inquit,
493 2521 714 2592 ‘loquar,
741 2523 844 2573 nisi
872 2522 1014 2590 quod
1039 2539 1222 2573 verum
1249 2538 1363 2571 esse
1389 2518 1663 2570 visibiliter
1690 2519 1912 2570 intueor.

60 2589 206 2643 Ecce
255 2592 395 2643 enim
442 2591 727 2644 daemones
775 2591 968 2644 lectum
1013 2608 1189 2642 meum
1241 2591 1601 2653 circumstant,
1659 2595 1912 2657 quatenus

61 2678 163 2728 me,
200 2679 330 2713 mox
364 2670 424 2714 ut
460 2663 791 2732 expiravero,
830 2661 1055 2731 rapiant.
1128 2659 1316 2727 Itaque
1357 2676 1477 2708 cum
1514 2659 1661 2708 fuero
1701 2656 1763 2708 de
1802 2674 1912 2707 cor-

60 2747 190 2800 pore
227 2731 450 2783 eductus
463 2772 476 2798 ,
513 2749 644 2801 rogo
681 2749 776 2783 vos
815 2739 867 2782 et
905 2748 1084 2782 omnes
1122 2729 1327 2794 fideleS,
1364 2746 1431 2779 ne
1469 2744 1523 2778 se
1559 2726 1778 2794 fatigent
1814 2743 1910 2794 pro

60 2817 146 2852 me
208 2800 450 2853 faciendo
514 2800 959 2871 supplicationes.⁷
1043 2799 1161 2850 Hac
1227 2798 1387 2866 igitur
1441 2797 1493 2846 in
1549 2794 1909 2864 desperatione
1930 2808 2017 2847 Apr-
2048 2807 2105 2841 28·

61 2868 367 2937 defunctUS,
416 2870 572 2924 nullis
612 2869 938 2923 orationibus
974 2869 1092 2920 Deo
1135 2866 1529 2926 1·econciliatUS‚
1580 2863 1670 2914 diu
1707 2863 1913 2914 iacebat

61 2938 375 3011 insepultuS,
415 2941 582 2993 donec
618 2941 844 2993 Romam
881 2939 1119 3004 mittitur,
1159 2945 1210 2988 et
1247 2936 1368 2987 inde
1407 2935 1642 3005 quaesito
1681 2931 1912 2996 consiliO,

61 3027 127 3062 ne
152 3010 381 3080 populus
404 3011 605 3063 foetore
626 3017 1008 3080 corrumpatur,
1035 3005 1324 3078 apostolico
1351 3006 1502 3056 iussu
1522 3004 1632 3054 sine
1653 3020 1915 3054 commen-

63 3147 100 3190 a)
124 3149 164 3181 in
178 3151 424 3190 Re9.additur
450 3152 553 3182 Data
579 3150 709 3182 Idibus
737 3150 866 3181 Martii
891 3158 953 3180 nee
974 3149 1100 3187 plura.
1145 3146 1240 3183 Quae
1269 3146 1305 3176 in
1334 3145 1415 3175 aliis
1432 3144 1533 3174 codd.
1549 3145 1758 3181 sequuntur,
1787 3140 1915 3170 videsis

62 3198 103 3229 in
129 3197 239 3237 Jaffe'i
277 3199 375 3231 Mon.
412 3200 560 3240 (ἕτερον.
593 3209 632 3239 p.
671 3199 759 3234 465,
860 3196 897 3237 b)
935 3198 986 3228 ita
1025 3198 1065 3234 23
1106 3196 1306 3235 episcopos
1344 3197 1375 3225 1.
1479 3191 1512 3231 e)
1541 3192 1589 3221 ita
1621 3193 1653 3221 1.
1697 3185 1914 3227 1¹³3vili2.

68 3245 106 3286 d)
131 3256 216 3279 eum
246 3249 279 3280 1.

67 3343 109 3398 1)
139 3345 256 3399 Epp.
301 3345 408 3397 VII,
443 3347 499 3385 26
532 3345 600 3387 ed.
634 3343 858 3386 Benedict.
891 3343 932 3390 I,
968 3343 1070 3382 225.
1197 3340 1243 3391 2)
1276 3353 1316 3379 v.
1351 3351 1487 3390 supra
1528 3350 1561 3376 c.
1597 3335 1665 3375 68.
1731 3332 1917 3374 Traiecti

66 3418 146 3447 rex
169 3406 346 3459 pascha
379 3407 622 3448 celebravit.
