2204 3765
161 241 266 272 1078.

177 940 232 970 No
236 950 253 970 v
259 965 265 972 .

162 1364 190 1385 c.
211 1355 266 1385 76.

104 1427 191 1459 Nor.
211 1429 267 1458 11.

162 1566 268 1599 1079.

164 2418 268 2451 1077.

107 2483 192 2516 Mai.
211 2483 267 2515 31.

225 3464 229 3467 Β
294 3406 338 3461 1)
375 3407 502 3463 Greq.
542 3408 643 3450 VH.
670 3407 857 3462 Registr.
882 3408 969 3459 IV,
1006 3408 1077 3448 23.
1102 3408 1227 3448 Data
1259 3415 1320 3450 est
1352 3409 1394 3449 d.
1431 3409 1500 3450 31.
1526 3408 1640 3448 Mm‘i
1673 3422 1715 3450 a.
1742 3407 1873 3449 1077.

289 92 345 130 74
744 90 944 131 BRUNO
980 90 1060 129 DE
1095 88 1294 130 BELLO
1331 89 1646 130 SAXONICO.
2169 0 2204 273 ἓ

288 228 507 280 divisuri
556 229 803 292 fuissent3
868 228 991 295 quia
1038 223 1226 278 natura
1274 226 1397 293 fert,
1451 236 1510 279 ut
1563 235 1706 279 tanto
1763 229 1855 280 fiat
1902 231 2132 299 partium
2166 238 2201 312 ²²⁵<

286 300 458 350 minor
484 299 762 367 quantitas,
804 305 998 364 quanto
1035 295 1193 347 fuerit
1218 297 1503 347 earundem
1541 299 1770 366 partium
1808 301 2135 351 numerosior
2175 299 2202 366 ,35³

287 368 575 437 pluralitas.
650 367 934 417 Venientes
972 383 1097 434 ergo
1147 365 1215 416 ad
1253 365 1436 416 silvam
1478 385 1611 434 quae
1646 367 1947 437 Thuringos
1986 387 2133 438 sepa·
2172 340 2202 434 '13

287 449 367 489 rat
403 457 433 488 a.
471 438 711 499 Francia,
752 434 1051 499 audiebant,
1091 435 1232 504 quod
1267 442 1316 486 et
1349 453 1534 485 verum
1570 446 1696 502 erat,
1735 439 1860 504 quia
1888 439 2130 490 Saxones
2185 401 2203 505 r'l

289 526 356 558 ex
394 505 555 556 altera
593 516 740 574 parte
779 505 940 556 silvae
979 523 1099 555 cum
1133 514 1278 555 tanta
1303 504 1636 556 multitudine
1676 506 1934 570 sederent,
1972 525 2134 577 quan·
2179 504 2201 570 ζ”ῑέ

288 586 392 626 tam
442 577 589 644 prius
634 592 923 643 numquam
980 575 1085 625 sint
1131 574 1296 625 auditi
1347 574 1634 642 collegisse.
1708 575 1842 628 Nam
1895 576 1959 627 de
2002 572 2201 627 mili-212³

287 646 428 696 tibus
467 645 680 694 armatis
718 644 863 694 milia
898 643 1004 695 fere
1043 644 1319 711 sexaginta
1355 644 1636 709 habebant,
1685 646 1775 713 qui
1811 645 1895 696 vel
1932 645 2136 697 fortiter

288 714 420 765 mori
458 713 539 765 vel
579 721 771 764 terram
820 731 969 763 suam
1017 714 1152 763 tueri
1188 712 1454 765 volebant.
1530 714 1688 779 Quod
1737 715 1977 767 auditum
2013 732 2133 766 cum

287 785 457 852 primo
497 801 601 833 non
639 782 927 847 crederent,
977 792 1262 851 postquam
1307 783 1480 834 missis
1519 782 1942 852 exploratoribus
1977 784 2134 836 nimis
2168 779 2199 847 ,ff

285 872 468 904 verum
497 872 610 904 esse
637 852 1044 920 cognoscebant,
1084 851 1247 903 multo
1287 854 1455 921 magis
1487 853 1657 905 redire
1682 855 1869 904 timore
1896 861 2133 922 cogente,
2174 848 2204 915 'f'

289 942 445 992 quam
482 924 659 974 venire
709 941 800 990 spe
848 921 1085 973 trahente
1135 922 1508 991 properabant.
1582 922 1689 974 Sed
1725 923 2009 974 Heinricus
2047 941 2135 974 ex·

286 1012 396 1058 rex,
446 1011 510 1044 ne
547 1001 752 1043 tantum
789 991 983 1042 frustra
1021 999 1394 1060 congregasset
1431 994 1738 1059 exercitum,
1787 1011 1908 1044 cum
1947 992 2136 1044 eodem
2178 1001 2190 1058 sp

287 1063 499 1131 agmine
551 1061 755 1113 Suevos
803 1062 980 1131 petiit3
1037 1061 1128 1113 ubi
1183 1080 1282 1113 nec
1333 1061 1571 1113 ecclesiis
1627 1080 1725 1114 nec
1773 1063 1919 1114 atriis
1971 1061 2135 1113 eccle·
2180 1080 2188 1094 s

287 1133 482 1183 siarum
544 1133 795 1200 pepercit,
858 1141 910 1183 et
966 1133 1103 1182 inter
1156 1149 1331 1182 sacras
1393 1132 1744 1202 profanasque
1799 1151 1882 1183 res
1938 1130 2136 1183 nullam
2186 1147 2187 1151 ’

287 1201 637 1253 differentiam
687 1201 823 1266 fecit,
873 1208 931 1252 ut
979 1199 1187 1251 illorum
1234 1202 1509 1252 avaritiam
1557 1201 1957 1253 insaturabilem
1996 1209 2134 1253 satu-
2171 1215 2183 1258 ’ζ

286 1280 438 1329 raret,
489 1289 620 1340 quos
661 1271 949 1322 Saxoniam
997 1269 1293 1338 pollicendo
1331 1270 1596 1326 fefellerat,
1671 1271 1769 1336 Ibi,
1819 1271 1961 1341 quod
2005 1271 2135 1322 anti-

288 1341 513 1409 cipando
551 1343 656 1391 iam
694 1342 920 1404 narravi,
950 1341 1290 1390 Treverensis
1316 1339 1676 1410 archipraesul
1702 1340 1822 1391 Udo
1861 1340 2136 1393 subitanea

286 1420 452 1461 morte
479 1409 845 1461 miserabiliter
873 1409 1018 1463 obiit.
1057 1408 1182 1459 dum
1209 1410 1395 1460 timore
1426 1411 1525 1463 Dei
1551 1412 1863 1479 postpositO,
1890 1410 2134 1463 manibus
2174 1438 2181 1448 «

287 1479 521 1549 profanis
560 1481 613 1530 in
652 1498 828 1530 sacras
865 1497 949 1530 res
986 1478 1207 1531 licenter
1243 1479 1318 1530 ire
1357 1481 1610 1548 permisit.

432 1551 544 1601 104.
618 1549 826 1601 Interea
887 1549 1112 1600 domnus
1182 1549 1531 1618 apostolicum,
1598 1548 1874 1618 apostolici
1933 1550 2134 1619 vigoris

287 1618 494 1685 oblitus,
547 1637 651 1688 qua
689 1636 848 1670 causa
884 1620 1164 1683 nescimus,
1210 1618 1433 1670 multum
1485 1627 1564 1671 est
1600 1637 1631 1669 a
1668 1619 1843 1688 priore
1881 1620 2140 1672 sententia
2176 1621 2182 1641 ·’

286 1697 534 1740 mutatus.
609 1689 747 1739 Nam
787 1691 879 1758 qui
916 1689 1062 1758 prius
1101 1688 1414 1740 Heinricum
1461 1707 1581 1740 cum
1620 1689 1864 1741 omnibus
1903 1691 2011 1741 suis
2048 1689 2137 1741 ad-

285 1759 546 1811 iutoribus
616 1759 908 1828 apostolica
980 1759 1259 1810 severitate
1333 1759 1911 1826 excommunicaverat,
1984 1759 2137 1829 eique

285 1829 544 1897 regnandi
580 1837 895 1898 potestatem
933 1837 1174 1898 potenter
1209 1829 1578 1895 interdixerat,
1642 1838 1693 1881 et
1742 1847 1922 1880 omnes
1961 1830 2053 1898 qui
2089 1829 2138 1881 ei

287 1898 589 1951 fidelitatem
630 1899 907 1964 iurassent,
946 1917 977 1949 a
1003 1899 1281 1950 iura-menti
1308 1898 1460 1950 nodis
1497 1898 1790 1968 apostolica
1825 1899 2135 1950 auctoritate

286 1967 599 2032 absolverat,
620 1975 671 2019 et
692 1967 1001 2020 electionem
1021 1970 1146 2020 novi
1164 1969 1305 2036 regis
1327 1987 1584 2020 consensu
1604 1987 1698 2020 suo
1722 1968 2137 2036 confirmaverat,

285 2057 425 2090 nunc
462 2057 557 2107 per
591 2037 790 2089 litteras
828 2038 1115 2105 mandavit,
1153 2048 1211 2090 ut
1241 2038 1462 2090 concilio
1488 2039 1624 2090 facto
1651 2057 1747 2090 rex
1773 2047 1994 2108 uterque
2020 2056 2139 2090 con-

285 2118 504 2160 vocatus
542 2108 800 2174 audiatur,
841 2117 892 2160 et
928 2127 1086 2178 quem
1123 2109 1323 2160 iustitia
1358 2128 1580 2178 regnare
1623 2109 1953 2177 permiserit,
1975 2107 2137 2160 altero
2177 2103 2201 2159 ⁸,

286 2179 523 2248 deposito
561 2187 702 2230 tutus
740 2179 792 2228 in
832 2196 995 2249 regno
1035 2178 1386 2230 confirmetur.
1461 2179 1699 2244 Quarum
1737 2177 2045 2244 litterarum,
2081 2185 2141 2230 ut
2176 2199 2186 2224 ,-

286 2248 494 2318 planius
534 2247 676 2317 quod
715 2247 832 2299 dico
871 2250 1037 2317 possit
1081 2247 1318 2317 intelligi,
1369 2247 1553 2300 subtus
1600 2247 1904 2317 exemplum
1940 2265 2138 2317 ponere
2195 2254 2197 2257 ’

288 2319 494 2384 curavi,
536 2336 670 2388 quae
696 2327 957 2370 venerunt
993 2337 1172 2370 mense
1212 2318 1501 2370 Februario
1540 2336 1676 2368 anno
1703 2318 1921 2387 Domini
1953 2317 2085 2370 1079
2100 2326 2137 2368 ³.

433 2389 547 2440 105.
646 2386 977 2457 Gre907⁴ius1
1050 2391 1336 2457 episeopus
1421 2407 1606 2440 servus
1674 2407 1950 2439 servorum
2013 2388 2136 2454 Dei,

290 2458 628 2510 carissimisb
670 2459 729 2509 in
772 2458 980 2511 Christo
1007 2458 1149 2525 filiis
1186 2459 1549 2510 Bernhardoc
1587 2459 1838 2523 diaconO,
1877 2466 1924 2510 et
1961 2458 2135 2509 Bern-
2175 2483 2197 2494 ··

290 2528 503 2579 Izardod
542 2528 742 2592 abbati,
780 2528 1004 2579 satutem
1042 2536 1088 2579 et
1126 2527 1480 2596 apostolicam
1513 2529 1939 2580 benedictionem.
2000 2528 2135 2578 Fra—
2179 2576 2181 2578 .

287 2599 531 2650 ternitati
567 2606 770 2649 vestrae
809 2606 991 2649 notum
1039 2617 1147 2649 esse
1196 2617 1304 2649 non
1353 2599 1694 2667 ambigimus,
1744 2599 1875 2667 quia
1912 2598 2031 2650 ideo
2071 2597 2136 2649 ab

311 2669 452 2733 ere,
503 2668 693 2734 confisi
731 2669 794 2718 de
840 2669 1216 2720 misericordia
1250 2668 1357 2720 Dei
1402 2676 1450 2720 et
1487 2669 1762 2720 adiutorio
1800 2668 1940 2719 beati
1975 2667 2136 2733 Petri,
2192 2664 2198 2671 ⁴

287 2740 487 2807 eqressi
511 2757 713 2804 sumus,
752 2745 809 2789 ut
836 2738 911 2788 ad
939 2739 1347 2790 Teutonicorum
1369 2745 1574 2807 parteS,
1613 2739 1963 2805 composituri
1997 2739 2139 2788 inter
2195 2759 2197 2762 ·

289 2827 372 2858 eos
413 2808 487 2858 ad
524 2808 774 2859 honorem
811 2808 918 2859 Dei
955 2815 1001 2858 et
1051 2808 1334 2859 utilitatem
1382 2816 1601 2859 sanctae
1649 2807 1896 2858 ecclesiae
1927 2825 2137 2875 pacem,
2190 2861 2195 2866 ,

287 2879 660 2928 transiremus.
736 2877 843 2929 Sed
881 2880 1014 2947 quia
1051 2877 1357 2946 defuerunt,
1398 2879 1491 2946 qui
1526 2895 1623 2928 nos
1662 2877 1958 2929 secundum
1994 2876 2138 2945 quod

288 2948 609 3014 dispositum
666 2955 782 2997 erat
841 2948 1221 3012 conducerent,
1284 2948 1533 3015 impediti
1590 2947 1822 2998 adventu
1881 2948 2027 3015 regis
2074 2947 2136 2997 in
2187 2944 2198 2969 ³*

287 3016 524 3081 Italiam,
561 3019 617 3067 in
649 3017 1042 3086 Lonqobardia
1084 3019 1222 3068 inter
1258 3018 1507 3068 inimicos
1546 3017 1880 3068 christianae
1917 3014 2133 3085 relz‘yio-

290 3150 326 3191 a)
355 3151 600 3184 MLXXVIII.
629 3152 702 3182 edd.
757 3152 799 3182 Ec
837 3160 915 3182 rere
952 3151 1120 3190 epistolae
1155 3151 1246 3182 duae
1272 3161 1374 3191 capp.
1406 3152 1488 3183 105.
1518 3156 1548 3182 et
1577 3152 1658 3185 106.
1689 3152 1800 3182 editae
1825 3161 1860 3182 α.
1892 3151 1996 3183 1078.
2025 3150 2136 3182 Saxo·
2165 3107 2199 3185 ‘iv

288 3201 394 3231 nibus
419 3202 615 3231 innotuisse
641 3201 815 3234 videntur.
843 3201 910 3231 Sed
924 3200 1050 3231 Bruno
1078 3201 1245 3241 epistolas
1271 3202 1335 3231 has
1361 3202 1596 3240 inferioribus
1617 3201 1791 3240 adiunyit.
1819 3201 1857 3232 P.
1923 3198 1962 3241 b)
1991 3208 2069 3232 car.
2096 3199 2136 3231 in
2163 3203 2171 3217 ·’

290 3249 366 3281 Chr
401 3250 423 3281 f.
461 3251 585 3280 desunt
620 3250 658 3279 in
691 3250 772 3289 Rea.
889 3248 922 3290 c)
951 3251 992 3281 B.
1031 3251 1062 3280 1.
1108 3250 1330 3281 Bernhardo
1368 3250 1563 3281 Romanae
1601 3250 1788 3282 ecclesiae
1825 3250 1922 3281 diac.
1950 3249 1970 3280 2
1997 3253 2028 3280 et
2053 3248 2136 3288 Req.
2197 3274 2199 3278 ,

290 3297 328 3338 d)
357 3299 386 3329 B
415 3301 457 3337 13
486 3299 708 3331 Bernhardo
738 3300 968 3330 Massiliensi
996 3298 1125 3330 abbati
1153 3300 1172 3329 2
1201 3303 1229 3330 et
1257 3299 1340 3339 Bey.
