2204 3765
240 78 297 116 46
725 74 923 115 BRUNO
958 73 1039 111 DE
1074 71 1268 111 BELLO
1304 70 1612 111 SAXONICO.

111 215 450 283 1076.placuit
486 214 584 265 tibi
621 221 666 262 et
694 213 890 279 placet,
932 217 987 258 ut
1015 208 1260 276 populus
1298 209 1632 259 christianus
1670 207 1765 258 tibi
1791 205 2097 274 specialiter

239 285 578 347 commissus,
639 281 798 331 michi
855 279 1064 329 obediat
1113 277 1420 344 specialiter
1456 295 1564 344 pro
1619 278 1731 328 vice
1780 284 1876 326 tua
1929 275 2095 325 michi

239 354 536 415 commissa,
573 359 619 402 et
647 350 806 400 michi
830 356 927 398 tua
952 348 1139 416 qratia
1165 354 1239 398 est
1256 353 1494 413 potestas
1522 364 1557 396 a
1582 345 1698 396 Deo
1724 346 1851 396 data
1877 343 2101 411 li9andi

240 433 286 475 et
323 422 562 474 solvendi
601 422 656 471 in
696 417 834 469 coelo
874 424 919 467 et
955 419 1015 467 in
1053 423 1216 466 terra.
1291 416 1412 465 Hac
1450 416 1631 482 itaque
1654 415 1867 480 fiducia
1889 414 2095 482 fretus,

231 512 339 562 pro
393 491 641 542 ecclesiae
692 495 815 537 tuae
865 486 1062 537 honore
1108 493 1156 535 et
1211 484 1546 550 defensione,
1603 501 1668 534 eae
1714 491 1878 550 parte
1930 482 2098 535 omni-

230 562 470 631 potentis
515 558 621 608 Dei
665 557 848 607 Patris
894 563 939 606 et
985 554 1118 605 Filii
1164 562 1210 604 et
1247 553 1495 621 Spiritus
1545 554 1748 616 sancti,
1793 569 1900 620 per
1948 560 2098 603 tuam

232 636 545 699 potestatem
592 634 637 677 et
686 625 1057 676 auctoritatem
1098 623 1357 674 Heinrico
1405 621 1523 690 reyi
1545 621 1669 687 filio
1709 621 1962 674 Heinrici
2003 621 2101 672 im-

231 698 536 768 peratoris,
603 697 697 763 qui
753 701 943 745 contra
998 701 1146 743 tuam
1202 691 1473 743 ecclesiam
1527 691 1787 742 inaudita
1840 690 2100 759 superbia

240 767 559 828 insurreoeit,
599 766 759 815 totius
797 763 955 831 refJni
985 763 1032 812 T
1027 764 1393 812 eutonicorum
1432 768 1478 811 et
1503 760 1697 812 Italiae
1723 757 2100 829 qubernaczlla

242 836 572 898 contradico,
614 840 660 882 et
698 851 874 883 omnes
913 831 1241 882 christianos
1282 851 1315 882 a
1351 829 1567 880 vinculo
1603 832 1918 895 iuramenti,
1956 829 2100 899 quod

241 907 346 958 sibi
366 904 625 971 fecerunt
662 901 741 952 vel
763 901 1006 970 facient,
1047 900 1284 964 absolvo,
1324 907 1370 951 et
1407 906 1464 950 ut
1501 899 1684 950 nullus
1720 900 1770 950 ei
1806 901 1946 951 sicut
1981 899 2105 968 reqi

240 977 440 1027 serviat
478 971 756 1023 interdico.
818 970 1066 1039 Dianum
1104 977 1176 1021 est
1212 971 1369 1033 enim,
1408 975 1466 1018 ut
1503 970 1597 1037 qui
1633 969 1807 1019 studet
1843 970 2099 1021 honorem

240 1045 488 1096 ecclesiae
526 1049 650 1091 tuae
675 1042 962 1103 minuerea,
1001 1040 1117 1107 ipse
1156 1040 1407 1090 honorem
1445 1039 1672 1102 amittat,
1712 1056 1860 1106 quem
1884 1040 2102 1091 videtur

243 1114 448 1165 habere.
523 1112 593 1161 Et
640 1112 771 1179 quia
810 1110 947 1160 sicut
985 1109 1317 1160 christianus
1357 1109 1670 1175 contempsit
1717 1107 1949 1173 obedire,
2007 1127 2103 1160 nec

243 1185 315 1235 ad
352 1184 529 1233 Deum
566 1180 729 1231 rediit
756 1198 907 1247 quem
934 1179 1154 1244 dimisit,
1181 1177 1586 1247 participando
1622 1179 2103 1231 eoecommunicatis

242 1262 289 1305 et
328 1252 518 1303 multas
547 1252 698 1317 iniqu
710 1251 860 1300 itates
869 1247 1161 1316 faciendo,
1201 1265 1420 1315 meaque
1445 1249 1666 1312 monita,
1706 1265 1843 1314 quae
1860 1267 1968 1315 pro
1995 1266 2103 1300 sua

243 1323 412 1375 salute
452 1320 558 1371 sibi
592 1320 749 1383 misi,
799 1326 844 1369 te
895 1325 1015 1368 teste
1054 1317 1380 1384 spernendo,
1430 1335 1584 1384 seque
1623 1316 1688 1367 ab
1727 1316 1949 1369 ecclesia
1985 1325 2102 1386 tua,
2159 1334 2163 1341 ·

242 1399 507 1460 temptans
534 1408 650 1440 eam
676 1387 936 1452 scindere,
976 1386 1305 1453 separando,
1344 1385 1560 1437 vinculo
1587 1404 1706 1437 eum
1740 1387 2105 1440 anathematis

81 1440 355 1530 lsssa‘sssjvice
393 1468 490 1510 tua
530 1458 724 1527 alligo,
766 1464 811 1507 et
849 1458 926 1507 sic
965 1475 1082 1506 eum
1120 1474 1184 1506 eoe
1207 1455 1427 1521 fiducia
1466 1463 1564 1506 tua
1603 1454 1792 1526 alligo,
1831 1464 1890 1507 ut
1927 1459 2107 1508 sciant

244 1538 424 1602 gentes
472 1535 518 1579 et
565 1526 928 1595 comprobent,
986 1527 1118 1594 quia
1168 1532 1225 1576 tu
1273 1544 1324 1577 es
1361 1525 1577 1591 Petrus,
1635 1534 1682 1576 et
1719 1544 1885 1593 super
1920 1526 2105 1578 tuamb

237 1609 453 1670 petram
477 1597 636 1664 filius
670 1596 776 1647 Dei
813 1596 925 1646 vivi
963 1594 1273 1660 aedificavit
1310 1594 1587 1646 ecclesiam
1623 1614 1795 1661 suam,
1834 1603 1880 1647 et
1913 1604 2105 1664 portae

246 1669 416 1739 inferi
454 1686 563 1718 non
593 1665 994 1735 praevalebunt
1033 1666 1293 1716 adversus
1332 1683 1464 1716 eam.

387 1739 470 1789 71.
532 1735 744 1787 Deinde
782 1752 890 1785 non
925 1733 1084 1802 longo
1122 1742 1360 1803 tempore
1397 1742 1680 1800 transactO,
1720 1733 1945 1786 domnus
1981 1752 2106 1804 apo-

247 1807 488 1872 stolicus,
544 1824 610 1856 ne
666 1823 847 1873 regem
896 1804 1066 1872 magis
1117 1804 1339 1854 iniuriae
1387 1822 1513 1854 suae
1560 1802 1738 1855 dolore
1786 1822 1946 1872 quam
1992 1803 2106 1856 zelo

245 1877 477 1930 iustitiae
514 1874 1005 1928 excommunicasse
1041 1882 1343 1941 putaretur,
1386 1873 1482 1924 has
1519 1872 1719 1924 litteras
1756 1877 1825 1925 ad
1862 1874 2107 1942 regiones

247 1947 568 1999 Teutonicas
622 1944 796 2010 misit,
863 1943 1057 2013 quibus
1123 1962 1177 1995 se
1242 1944 1379 1994 iuste
1438 1961 1560 1994 cum
1617 1944 2111 1997 excommunicasse

247 2023 515 2071 testatur1:

390 2086 470 2137 72.
547 2083 882 2153 Greyorius⁰
919 2083 1207 2150 episcopus
1244 2100 1429 2133 servus
1466 2100 1742 2133 servorum
1774 2082 1896 2147 Dei,
1937 2084 2106 2134 omni·

249 2157 345 2208 bus
383 2156 681 2223 episcopiS,
730 2153 958 2204 ducibus
996 2159 1042 2202 et
1080 2152 1388 2217 comitibus,
1436 2153 1723 2221 ceterisque
1751 2152 2012 2218 fidelibus
2047 2155 2108 2204 in

249 2228 311 2278 in
356 2243 524 2294 reyno
565 2221 1009 2276 Teutonicorumd
1060 2222 1421 2272 christianam
1458 2221 1627 2288 fidem
1676 2220 2104 2289 defendentibus,

250 2294 472 2348 salutem
509 2302 556 2345 et
582 2291 965 2362 apostolicame
1004 2291 1434 2342 benedictionem.
1491 2290 1820 2343 Audivimus
1847 2292 2110 2360 quosdam

249 2367 391 2416 inter
442 2382 533 2415 vos
588 2364 651 2415 de
706 2361 1282 2426 eoecommunicatione,
1337 2380 1498 2430 quam
1543 2362 1605 2411 in
1654 2379 1832 2430 regem
1852 2360 2109 2429 fecimus,

251 2435 515 2499 dubitare,
556 2451 619 2484 ac
658 2450 913 2501 quaerere
950 2438 1131 2481 utrum
1168 2432 1303 2482 iuste
1329 2431 1821 2482 eoecommunicatus
1858 2433 1943 2497 sit,
1982 2438 2029 2482 et
2061 2432 2111 2482 si

250 2511 438 2556 nostra
476 2503 740 2554 sententia
778 2520 842 2553 ete
881 2501 1198 2552 auctoritate
1234 2499 1429 2569 leqalis
1467 2518 1726 2551 censurae
1764 2519 1828 2551 ea
1907 2520 1982 2551 ua
2021 2500 2107 2552 de—

251 2574 364 2625 buit
401 2572 784 2624 deliberatione
815 2588 1114 2639 proyressa
1152 2569 1267 2621 estf.
1346 2568 1716 2638 Quapropter,
1764 2589 1870 2639 qua
1897 2571 1997 2620 iter
2035 2570 2109 2622 ad

251 2641 823 2694 excommunicandum
871 2640 1025 2691 illum
1076 2640 1302 2691 adducti
1338 2641 1556 2705 simusg,
1589 2646 1762 2709 prou-t
1796 2640 1979 2691 verius
2009 2657 2110 2708 po-

251 2714 471 2777 tuimus‘,
498 2719 619 2762 teste
645 2710 975 2762 conscientia
1000 2716 1204 2775 nostra,
1235 2709 1403 2760 oculis
1429 2716 1475 2759 et
1497 2708 1846 2760 intellectibus
1874 2712 2110 2762 omnium

245 2781 557 2850 patefacere
603 2781 942 2846 curavimus,
994 2797 1103 2830 non
1147 2786 1257 2830 tam
1302 2786 1361 2829 ut
1398 2777 1653 2846 sinyulas
1696 2797 1921 2844 causas,
1973 2797 2110 2847 quae

255 2852 352 2902 heu
394 2853 619 2902 nimium
656 2858 814 2901 notae
851 2856 990 2914 sunt,
1031 2850 1192 2917 quasi
1228 2848 1442 2899 nostroh
1480 2847 1708 2899 clamore
1735 2849 1798 2899 in
1823 2848 2111 2917 publicum

249 2922 611 2988 proiciamus,
665 2938 826 2988 quam
863 2927 921 2969 ut
973 2936 1155 2969 eorum
1205 2917 1480 2986 opinionii
1529 2917 1964 2986 satisfaciamus,
2015 2919 2111 2987 qui

257 3038 294 3077 a)
324 3040 549 3070 imminuere
578 3040 612 3072 2.
640 3038 682 3070 R.
782 3036 822 3077 b)
850 3038 949 3069 hanc
979 3039 1011 3070 2.
1115 3035 1149 3078 c)
1180 3036 1224 3070 G.
1256 3039 1286 3068 1.
1315 3037 1376 3077 qui
1402 3038 1441 3068 in
1466 3037 1670 3069 nominibus
1705 3038 1812 3069 dubio
1845 3035 1920 3070 non
1947 3037 2111 3069 obnoxiis

256 3088 450 3119 scribendis
477 3089 552 3118 eius
577 3096 651 3117 mos
678 3090 735 3118 est.
790 3086 890 3123 Quod
916 3087 1041 3117 abhinc
1066 3095 1141 3117 non
1164 3086 1376 3118 notabimus.
1462 3087 1499 3126 d)
1529 3087 1739 3119 Teutonico
1777 3088 1809 3120 2.
1890 3086 1926 3128 e)
1954 3087 2047 3118 deest
2075 3087 2107 3119 1.

257 3137 286 3177 s)
314 3138 543 3176 processerit
578 3136 680 3166 Paul.
710 3144 912 3176 progressa
948 3137 996 3166 sit
1032 3136 1146 3174 Huyo.
1247 3133 1284 3175 g)
1323 3144 1451 3166 sumus
1480 3136 1513 3168 2.
1615 3134 1655 3177 h)
1692 3137 1734 3168 in
1767 3139 1899 3168 nostro
1927 3138 1969 3175 13
2008 3143 2109 3166 nouo

257 3186 360 3217 Paul.
463 3184 491 3225 i)
522 3184 766 3225 opinionibus
793 3184 832 3216 P.
861 3184 906 3216 H.

261 3262 306 3316 1)
339 3279 380 3305 v.
414 3262 548 3304 Pauli
579 3263 737 3304 Bernr.
782 3263 874 3303 vita
908 3263 1036 3318 Grey.
1082 3263 1185 3304 VII.
1221 3278 1255 3303 c.
1293 3262 1365 3304 78.
1400 3262 1448 3302 Ρ.
1502 3261 1684 3317 Leyitur
1707 3270 1944 3317 praeterea
1985 3262 2111 3314 apud

257 3325 490 3424 Huggnem
522 3324 701 3366 Flavin.
736 3323 818 3365 SS.
864 3324 995 3374 VIII,
1031 3324 1147 3372 439,·
1180 3323 1319 3364 denuc
1356 3323 1493 3365 edidit
1525 3324 1694 3377 Jaffeus
1730 3324 1849 3369 Mon,
1871 3322 2105 3377 Bamberq.

258 3397 301 3437 p.
399 3398 441 3425 o.
