2204 3765
90 231 200 263 1074.

92 302 199 334 Mart.

33 1408 82 1450 Ῥ.
115 1410 195 1442 341.

220 79 277 117 22
704 79 901 120 BRUNO
934 81 1014 120 DE
1047 81 1241 121 BELLO
1276 81 1584 123 SAXONICO.

219 218 527 269 interficere.
599 217 784 287 Itaque
835 219 1210 268 monasterium
1256 216 1517 269 laborioso
1571 237 1727 287 opere
1771 221 2063 290 perfeetum

221 286 452 338 deiciunt
500 305 667 356 usque
704 286 772 336 ad
808 285 1233 351 Fundamentum,
1283 295 1452 338 totum
1488 288 1794 341 thesaurum
1829 290 1906 341 ibi
1941 308 2063 342 con-

221 366 454 420 aestum,
494 357 602 407 sive
640 357 777 423 regis
817 364 953 407 esset
991 357 1100 407 sive
1138 355 1420 423 ecclesiae,
1459 355 1739 425 diripiunt,
1780 377 2063 428 campanas

218 398 518 476 dulcisonas
574 425 932 492 confringunt,
993 424 1158 475 filium
1212 427 1352 494 regis
1407 433 1459 477 et
1511 425 1751 493 fratrem,
1807 446 1937 497 quos
1986 428 2063 480 ibi

217 503 479 563 posuerat,
521 494 824 559 effodiunt1,
878 512 1100 562 ossaque
1148 512 1328 545 eorum
1364 494 1508 546 velut
1554 495 1813 565 quaslibet
1859 498 2064 548 inmun-

219 564 375 615 ditias
443 563 771 632 dispergnnt,
839 572 889 615 et
950 562 1112 614 nichil
1165 565 1374 632 penitus
1431 565 1542 615 eius
1597 563 1700 616 loci
1755 584 2062 636 permanere

218 634 543 702 permittunt.

357 702 438 752 34.
513 701 618 752 Sed
663 719 759 752 rex
807 720 928 752 cum
975 700 1245 753 castellum
1296 721 1449 753 suum
1505 703 1580 754 sic
1629 704 1932 773 agnovisset
1974 703 2064 756 ad-

217 769 541 835 nichilatum,
593 787 784 839 magno
833 770 1047 840 quidem
1084 770 1260 823 dolore
1300 772 1472 824 cordis
1509 773 1820 824 intrinsecus
1859 781 2065 825 contur-

216 839 387 904 batur,
427 839 518 890 sed
557 858 677 890 eum
703 839 843 890 nullo
870 840 1160 892 forinsecus
1187 842 1335 910 signo
1362 850 1697 910 protestatur,
1735 843 1860 912 quia
1886 861 2064 912 super-

216 908 380 959 fluum
427 908 647 979 putabat
695 908 774 959 his
823 927 952 978 quos
990 909 1219 962 habebat
1257 910 1404 977 odio,
1454 911 1688 963 dolorem
1726 931 1881 963 suum
1916 929 2062 963 mon-

218 989 410 1044 strare,
466 996 586 1028 011111
636 996 741 1029 11011
793 988 970 1047 posset
1023 980 1078 1029 in
1131 998 1313 1030 eorum
1367 981 1640 1050 suppliciis
1693 981 1762 1032 ad
1815 999 2064 1051 praesens

218 1047 398 1098 odium
437 1067 591 1098 suum
628 1066 722 1116 pro
761 1047 893 1100 velle
932 1067 1025 1100 suo
1065 1057 1314 1100 saturare.
1388 1051 1646 1102 Primates
1684 1059 1861 1102 autem
1900 1051 2066 1103 Saxo-

216 1119 351 1182 niae,
393 1136 513 1169 cum
551 1118 690 1185 regis
728 1118 962 1169 animum
1000 1120 1219 1170 sci-irent
1254 1137 1360 1170 non
1385 1121 1643 1186 inmerito,
1685 1121 1925 1189 quamvis
1950 1121 2065 1190 ipse

220 1187 449 1252 celareta,
477 1185 631 1238 valde
658 1187 942 1252 turbatum,
971 1188 1214 1239 omnibus
1239 1189 1408 1240 modis
1436 1208 1556 1240 eum
1582 1191 1825 1259 mitigare
1852 1207 2066 1258 quaere-

217 1255 372 1319 bant,
412 1276 465 1308 se
503 1258 645 1325 ipsos
684 1275 713 1307 a
752 1256 955 1308 consilii
993 1259 1102 1309 sive
1139 1256 1422 1310 voluntatis
1461 1260 1700 1323 crimine,
1750 1277 2068 1329 quocunque

218 1326 374 1376 modo
422 1325 625 1378 iuberet
674 1327 784 1394 ipse
832 1326 1137 1395 purgando,
1187 1334 1237 1378 et
1286 1345 1375 1378 eos
1417 1329 1507 1397 qui
1545 1329 1761 1380 crimine
1808 1337 1956 1380 erant
1990 1329 2067 1379 in-

216 1395 410 1461 voluti,
449 1413 761 1464 quacunque
799 1394 985 1447 vellet*
1022 1413 1194 1464 poena
1231 1397 1540 1464 cruciand03
1591 1397 1682 1449 sed
1717 1397 1792 1448 nil
1827 1397 2068 1467 proficie-

216 1464 360 1516 bant.
433 1465 569 1515 Nam
607 1483 701 1515 rex
738 1482 844 1515 non
879 1474 1083 1516 tantun]
1108 1464 1207 1516 illis
1235 1467 1325 1535 qui
1351 1465 1517 1517 scelus
1545 1467 1792 1518 confessib
1819 1467 2068 1534 fecerant,

218 1543 471 1604 quantum
509 1535 622 1584 istis
661 1535 751 1602 qui
789 1553 843 1584 se
881 1544 936 1584 ac
973 1543 1273 1604 perpetrato
1313 1534 1506 1587 scelere
1543 1537 1856 1605 purgabant,
1892 1537 2068 1588 irasci-

217 1614 328 1669 tur3
381 1613 431 1655 et
478 1603 768 1671 dedignans
818 1604 972 1655 irasci
1020 1605 1074 1654 in
1111 1605 1359 1671 rusticos,
1412 1606 1467 1656 in
1504 1607 1764 1658 maximos
1801 1605 1956 1657 huius
1991 1625 2085 1658 re:

216 1675 388 1743 gionis
433 1673 670 1725 homines
719 1673 950 1725 furorem
1000 1693 1176 1740 suum,
1230 1675 1273 1725 si
1324 1675 1533 1744 quando
1580 1684 1788 1745 tempus
1835 1676 2069 1742 haberet,

216 1743 503 1795 accendere
548 1743 846 1795 meditatur.
920 1744 1127 1795 Interea
1174 1752 1353 1796 tamen
1399 1763 1505 1796 non
1545 1754 1797 1814 quantum
1841 1744 2069 1811 volebat,

219 1813 312 1864 sed
352 1822 605 1883 quantum
641 1814 694 1863 111
730 1815 993 1881 praesenti
1031 1812 1262 1879 valebat,
1315 1833 1469 1865 suum
1507 1814 1780 1867 castellum
1815 1814 2068 1881 vindicat,

218 1891 268 1934 et
296 1884 471 1934 omnia
496 1881 707 1934 castella
744 1881 829 1934 vel
856 1881 1117 1952 quaslibet
1140 1884 1295 1934 huius
1321 1892 1489 1935 terrae
1516 1885 1832 1936 munitiones
1863 1892 2070 1954 praeter

217 1954 459 2022 antiquas
496 1952 652 2004 urbes
690 1952 759 2002 ad
795 1952 1049 2004 honorem
1085 1953 1232 2021 regni
1271 1962 1598 2005 constructas
1636 1953 1775 2005 dirui
1799 1955 2067 2023 imperat2.

219 2022 378 2087 Quod
427 2023 707 2090 imperium
754 2040 860 2073 non
907 2041 974 2073 6Χ
1018 2022 1297 2092 tranquillo
1344 2025 1518 2092 rigore
1567 2024 1820 2090 iustitiae,
1870 2023 1964 2076 sed
2001 2042 2071 2074 ex

217 2092 461 2143 iracundi
497 2092 724 2160 pectoris
763 2093 1113 2144 commotione
1151 2092 1363 2144 turbida
1386 2095 1723 2162 processisse,
1760 2093 1884 2144 hinc
1921 2111 2069 2163 prae-

219 2162 374 2230 cipue
413 2164 665 2230 cognosci
703 2163 897 2230 potuit‚
939 2162 1062 2231 quia
1100 2161 1313 2213 castella
1350 2163 1613 2232 quaedam
1650 2164 1716 2215 de
1751 2161 1892 2214 nullo
1930 2162 2069 2214 malo

217 2231 469 2283 infamata
507 2230 726 2296 destrui,
766 2230 991 2300 plurima
1026 2249 1150 2283 vero
1190 2232 1255 2284 de
1290 2232 1502 2301 praedis
1540 2242 1591 2285 et
1625 2231 1912 2284 latrociniis
1950 2250 2071 2284 con-

218 2302 375 2363 victa,
415 2302 458 2352 si
485 2301 713 2370 pecunia
738 2301 858 2352 data
894 2301 1093 2366 fuisset,
1132 2303 1330 2353 intacta
1366 2320 1579 2354 manere
1617 2303 1904 2372 praecepit.
1967 2301 2069 2352 His

217 2372 291 2421 ita
340 2371 557 2439 patratis
606 2388 712 2421 non
751 2372 901 2439 quasi
937 2369 1041 2422 ullo
1091 2370 1270 2423 dolore
1321 2381 1613 2424 commotus
1661 2370 1746 2424 vel
1784 2373 2070 2442 quicquam

219 2439 345 2491 mali
384 2440 647 2492 Saxoniae
686 2441 937 2508 cogitans,
975 2440 1165 2492 Martio
1192 2460 1372 2492 mense
1398 2441 1634 2494 nondum
1662 2450 1876 2511 peracto
1905 2440 2070 2493 Saxo-

219 2512 362 2560 niam
400 2509 622 2579 reliquit,
661 2519 711 2562 et
747 2509 815 2560 ad
840 2509 1159 2562 habitatores
1185 2510 1354 2562 Rheni
1387 2519 1787 2580 ceterarumque
1813 2511 2071 2562 Franciae

220 2581 448 2649 partium
498 2578 632 2631 male
678 2578 814 2631 laeta
848 2588 1022 2631 mente
1057 2581 1316 2632 transivit.
1390 2581 1579 2632 Fertur
1626 2599 1751 2632 vero
1800 2599 1832 2631 a
1875 2579 2071 2631 finibus

219 2650 411 2701 nostris
459 2648 733 2701 discedens
782 2667 904 2699 011111
948 2650 1240 2702 iuramento
1297 2650 1521 2717 dixisse,
1580 2649 1723 2720 quod
1776 2667 2071 2718 numquam

218 2718 378 2771 vellet
413 2718 636 2788 amplius
673 2721 729 2769 in
767 2718 1052 2771 Saxoniam
1091 2721 1285 2786 redire,
1334 2720 1436 2771 nisi
1472 2720 1618 2789 prius
1666 2737 1783 2771 eam
1819 2720 2071 2770 virtutem

221 2790 594 2854 contraxisset,
658 2805 762 2858 qua
816 2798 995 2858 posset
1042 2790 1097 2840 in
1135 2789 1369 2842 Saxonia
1428 2789 1602 2844 facere
1658 2787 1914 2858 quicquid
1969 2787 2072 2839 sibi

220 2858 473 2910 libuisset.

359 2929 440 2978 35.
503 2926 848 2996 Congregatis
874 2929 1051 2998 itaque
1078 2927 1283 2979 illarum
1320 2928 1549 2997 partium
1573 2925 1901 2996 principibus
1926 2945 2068 2978 1111110

220 2996 439 3066 singulis
515 3015 654 3048 nunc
729 2997 985 3049 universis
1053 2996 1318 3049 humiliter
1391 3016 1445 3050 se
1508 3004 1842 3066 prosternens
1899 2997 2069 3066 queri-

222 3151 257 3191 a)
287 3152 434 3183 velaret
462 3147 515 3182 11).
617 3150 654 3190 b)
682 3151 852 3182 confesse
882 3154 914 3184 l.
1017 3151 1050 3192 c)
1079 3151 1260 3183 humilem
1288 3151 1319 3181 2.

225 3270 268 3322 1)
306 3270 368 3322 Cf.
403 3270 557 3311 Lamh.
576 3271 634 3311 ad
652 3271 692 3311 k.
712 3285 753 3311 a.
774 3268 855 3310 SS.
885 3270 1007 3322 V.,p.
1029 3271 1128 3310 211.
1147 3268 1198 3310 P.
1265 3268 1310 3322 2)
1353 3268 1472 3309 Teste
1494 3267 1725 3309 Lamberto
1744 3283 1796 3309 ea
1819 3266 2067 3309 condicione

223 3345 298 3372 rex
325 3339 480 3384 pactus
515 3337 620 3382 erat,
656 3334 715 3371 ‘ut
748 3331 946 3371 ›S'aaeones
979 3338 1017 3371 et
1059 3330 1269 3383 Thurinqz'
1305 3343 1387 3369 sua
1421 3343 1587 3382 quoque
1622 3336 1782 3380 castra,
1815 3342 1927 3382 quae
1960 3335 2061 3370 tem-

210 3406 323 3444 pore
355 3391 477 3446 reym'
509 3393 599 3433 eius
633 3399 827 3434 extructa
851 3390 1058 3444 fuissent,
1089 3390 1194 3443 pari
1225 3390 1348 3431 modo
1382 3390 1632 3431 div-uerene.
1706 3388 1765 3431 W.
