2204 3765
562 102 762 143 BRUNO
797 105 878 143 DE
913 105 1112 147 BELLO
1146 107 1459 152 SAXONICO.
1868 121 1917 158 61

81 238 243 308 periit
267 239 322 288 in
347 239 616 290 secretiori
636 242 872 308 corporis
898 252 1047 310 parte
1074 245 1338 312 perfossus
1365 266 1521 300 saevo
1543 268 1804 317 mucrone,
1830 274 1924 307 nec
1947 273 2048 306 ιοτσ.

75 316 338 377 purgatus
371 306 556 358 ultima
587 308 932 374 confessione,
964 330 1060 362 nee
1083 316 1314 366 munitus
1345 333 1492 367 sacra
1514 323 1924 374 communione&

225 377 306 428 79.
380 376 760 428 Godebaldusa
803 377 929 429 dum
969 398 1103 448 equo
1143 401 1238 433 suo
1276 385 1472 436 noviter
1513 386 1702 439 ferrato
1740 390 1925 457 pedem

78 447 428 515 posteriorem
465 445 688 512 levaret,
740 455 798 498 ut
843 451 938 498 an*
993 457 1115 517 apte
1165 451 1358 502 ferrum
1410 465 1546 506 esset
1591 457 2106 524 i1npositumb·1›-³c2-

75 514 419 584 perspiceret,
457 514 524 565 ab
562 515 679 583 ipso
717 515 854 584 pede
890 517 945 566 in
976 517 1145 569 fronte
1184 522 1489 589 percutitur,
1529 534 1579 575 et
1617 527 1690 575 sic
1727 526 1793 576 ab
1833 528 1928 578 hac

78 584 190 635 vita
225 582 559 636 abstrahitur.

221 653 304 704 80.
378 653 722 704 Burchardus
749 653 1032 705 Misnensis
1071 656 1408 724 praefectus-⁶,
1448 659 1572 710 dum
1613 662 1664 712 in
1704 664 1929 732 quadum

79 739 193 787 sua,
243 722 328 772 cui
365 731 625 792 praeerat,
664 722 793 774 urbe
831 723 898 775 ab
936 726 1152 776 urbanis
1191 727 1470 792 invaditur,
1517 748 1651 798 equo
1690 735 1772 783 cui
1812 735 1929 784 insi-

80 789 242 843 debat
265 791 459 843 frustra
485 791 782 843 calcaribus
807 792 1096 858 vulnerato,
1133 795 1313 863 fugere
1341 798 1565 863 molitur,
1606 802 1727 869 quia
1765 820 1929 871 equus

79 877 239 929 saepe
264 862 411 930 prius
438 861 503 914 de
523 861 800 913 velocitate
821 861 1081 928 laudatuS,
1108 865 1280 930 inodo,
1310 870 1677 920 cummaxime
1698 873 1928 922 maximo

79 947 238 982 cursu
275 949 407 1000 opus
447 940 580 997 erat,
629 931 689 982 fit
737 932 1096 998 stationarius,
1143 936 1291 1003 quasi
1329 936 1548 988 diceret:
1605 939 1781 990 ‘Mic-hi
1825 960 1929 991 non

77 997 203 1052 licet
239 1019 359 1052 eum
396 1018 539 1051 nunc
576 1019 607 1052 a
642 999 794 1051 vobis
833 1002 1054 1070 eripere,
1094 1005 1183 1072 qui
1221 1003 1347 1054 dum
1386 1005 1485 1056 sibi
1522 1005 1681 1073 licuit,
1720 1009 1931 1061 nolebat

79 1087 137 1121 se
175 1070 470 1140 corrigere.'
542 1070 770 1121 Moritur
806 1089 931 1139 ergo
969 1089 1091 1122 curn
1140 1091 1333 1141 magno
1372 1076 1576 1127 animae
1624 1096 1747 1129 suae
1798 1081 1931 1146 peri-

79 1137 225 1205 cu10,
276 1141 400 1208 quia
449 1158 606 1209 saepe
653 1158 971 1191 consensum
1019 1141 1263 1210 praebuit
1311 1144 1602 1211 periculoso
1642 1148 1930 1198 saevissimi

77 1209 218 1277 regis
257 1208 492 1261 consilio.

219 1279 303 1329 81.
375 1279 718 1348 Liupoldusd,
768 1278 929 1330 frater
973 1279 1245 1331 Bertholdi
1296 1283 1434 1352 regis
1484 1284 1789 1350 consiliarii,
1842 1287 1932 1354 qui

78 1353 132 1399 et
167 1348 282 1417 ipse
321 1349 434 1400 eius
473 1348 804 1400 consiliarius
843 1357 977 1414 erat,
1016 1349 1142 1400 dum
1180 1351 1407 1419 quadam
1447 1352 1531 1404 die
1568 1354 1717 1405 iuxta
1753 1373 1930 1423 regem

76 1418 338 1487 equitans,
377 1437 499 1470 cum
526 1437 587 1472 eo
615 1417 878 1489 quoslibet
903 1437 1170 1471 sermones
1197 1422 1471 1487 conferret,
1499 1423 1749 1491 accipiter
1776 1443 1931 1492 quem

79 1487 295 1539 sinistra
342 1488 612 1558 portabat,
662 1487 883 1540 volitare
933 1490 1131 1559 coepit,
1192 1492 1346 1560 quasi
1396 1500 1666 1560 capturam
1718 1503 1930 1562 peteret.

74 1555 172 1608 Ele
209 1575 337 1609 vero
375 1567 496 1628 post
533 1577 689 1610 avem
726 1576 1012 1627 parumper
1051 1577 1105 1610 se
1142 1559 1425 1628 inclinans,
1474 1561 1540 1612 ab
1580 1580 1715 1631 equo
1753 1564 1929 1630 gravis

75 1626 289 1694 cecidit,
330 1638 381 1680 et
417 1646 596 1680 ensem
636 1646 740 1697 quo
780 1630 984 1680 cinctus
1023 1638 1136 1680 erat
1172 1649 1199 1681 e
1238 1631 1430 1699 vagina
1465 1629 1694 1698 lapsum,
1742 1632 1930 1701 capulo

74 1703 249 1748 terrae
288 1697 493 1765 defixo,
532 1700 587 1749 in
623 1705 837 1767 pectore
875 1698 1051 1750 medio
1090 1701 1317 1769 recepit,
1370 1708 1421 1752 et
1458 1701 1546 1768 qui
1587 1720 1741 1770 saepe
1781 1704 1931 1770 pravi

78 1766 286 1818 consilii
323 1786 541 1820 consors
566 1768 652 1820 vel
679 1777 866 1820 auctor
901 1768 1016 1834 fuit,
1055 1769 1165 1820 sine
1193 1768 1411 1821 consilio
1438 1779 1723 1839 perpetuae
1752 1771 1931 1822 salutis

77 1836 147 1888 ab
172 1835 272 1888 hac
297 1838 408 1889 vita
431 1839 664 1891 recessit.
723 1837 824 1889 His
851 1857 918 1890 ex
956 1846 1106 1908 parte
1144 1840 1397 1905 tractatis,
1436 1839 1600 1891 multa
1636 1840 1715 1890 his
1743 1840 1932 1891 similia

77 1909 420 1976 praeterienS,
445 1908 514 1960 ad
538 1910 638 1960 iter
661 1909 934 1977 inceptum
958 1907 1078 1960 volo
1103 1910 1310 1975 reverti,
1339 1908 1481 1979 quod
1507 1927 1611 1960 non
1638 1909 1929 1960 aberrando

78 1975 172 2027 sed
209 1986 396 2046 sponte
433 1978 694 2029 deviando
735 1978 961 2030 deserui.

166 2105 169 2106 ⁷
220 2048 301 2100 82.
374 2048 546 2116 Igitur
583 2057 854 2117 comperta
889 2048 1150 2117 legatione
1187 2049 1450 2116 pontificis
1488 2056 1539 2100 et
1575 2046 2063 2130 excomnmni-Jfg'ssf'·

80 2117 288 2169 catione
338 2118 451 2170 sive
499 2118 830 2188 depositione
868 2118 1108 2169 Heinrici
1156 2120 1324 2185 regis,
1376 2136 1555 2170 omnes
1595 2119 1682 2187 qui
1726 2128 1930 2170 nostros
1986 2110 2031 2130 ‘²²'

79 2187 320 2256 captivos
357 2188 647 2255 habebant,
695 2189 818 2258 quia
854 2187 1054 2239 nullam
1092 2188 1235 2257 apud
1277 2206 1458 2256 regem
1503 2189 1930 2252 misericordiam,

78 2256 206 2308 dum
243 2275 342 2308 rex
379 2267 514 2324 erat,
563 2259 801 2310 invenire
846 2265 1114 2328 poterant,
1161 2267 1212 2309 et
1249 2259 1296 2309 ei
1335 2256 1530 2308 nullam
1579 2258 1762 2323 modo,
1813 2275 1931 2307 cum

78 2345 176 2378 rex
212 2345 318 2378 non
357 2336 518 2394 esset,
563 2328 723 2380 fidem
760 2327 845 2380 vel
883 2328 1260 2380 subiectionem
1302 2326 1588 2392 debebant,
1628 2345 1806 2378 omnes
1845 2344 1933 2377 eos

79 2397 135 2447 in
172 2398 402 2465 patriam
439 2399 619 2467 gratis,
658 2398 912 2450 Heinrico
950 2398 1235 2464 nesciente,
1275 2397 1602 2448 dimiserunt.

223 2468 306 2519 83.
381 2467 488 2520 Sed
525 2467 900 2520 Burcharduse
948 2467 1397 2520 Halberstatensis
1444 2468 1726 2536 episcopus
1779 2483 1933 2534 quam

79 2535 393 2590 mirabiliter
417 2557 448 2589 a
473 2537 762 2590 miserabili
788 2538 1124 2591 damnatione
1151 2538 1217 2588 sit
1242 2536 1419 2587 divina
1443 2538 1635 2604 pietate
1666 2534 1932 2599 liberatus,

80 2606 148 2658 ad
203 2607 310 2659 Dei
362 2607 573 2659 laudem
628 2615 679 2659 et
742 2608 810 2660 ad
866 2608 1100 2660 omnium
1156 2607 1469 2657 miserorum
1525 2603 1933 2656 consolationem

79 2676 321 2729 referam.
393 2677 541 2729 Dum
580 2677 863 2729 Heinricus
911 2684 1049 2728 esset
1095 2677 1246 2727 iuxta
1290 2675 1595 2727 Danubium
1650 2684 1700 2724 et
1756 2691 1932 2724 secum

80 2745 300 2799 haberet
363 2749 556 2799 sororis
621 2766 748 2799 suae
813 2749 1063 2798 maritum
1120 2745 1457 2798 Salomonem
1473 2754 1505 2810 ²,
1571 2743 1807 2794 similiter
1866 2741 1931 2793 ab

81 2815 351 2886 Ungriaef
414 2836 577 2885 regno
637 2816 944 2887 depulsum,
1002 2816 1125 2886 quia
1184 2815 1511 2884 temporibus
1561 2812 1661 2863 illis
1720 2811 1934 2879 vigebat

82 2886 344 2955 depositio
392 2906 600 2957 regum3
648 2906 844 2957 genero
895 2904 989 2939 suo
1038 2886 1145 2937 iam
1198 2885 1431 2937 redituro
1478 2884 1533 2933 in
1581 2882 1829 2952 patriam,
1880 2881 1933 2930 in

81 3022 118 3066 a)
145 3024 391 3058 Godobaldus
421 3027 455 3059 2.
543 3025 581 3067 b)
610 3027 820 3066 repositum
849 3027 882 3059 2.
973 3025 1008 3066 c)
1036 3025 1239 3065 episeopus
1267 3023 1419 3055 effectus
1450 3024 1480 3053 1.
1575 3021 1612 3062 (l)
1638 3019 1872 3060 Liuppoldus
1898 3019 1931 3049 2.

83 3072 120 3115 e)
145 3076 274 3107 Bucco
303 3077 382 3107 sive
408 3075 652 3107 Burchardus
681 3077 714 3108 2.
818 3075 846 3115 f)
876 3076 926 3106 27³3
956 3076 984 3106 1.
1014 3075 1046 3105 2.

86 3170 134 3225 1)
170 3172 324 3215 Gozelo
367 3174 508 3214 dictus
546 3174 773 3226 gibbosus,
818 3189 857 3213 (ι.
897 3173 1009 3212 1063
1047 3169 1293 3211 Matlzildae
1336 3167 1571 3208 comitissae
1614 3166 1818 3214 maritus,
1861 3162 1934 3216 qui

83 3233 128 3274 d.
166 3235 236 3276 27.
269 3234 374 3276 Feb.
409 3249 450 3275 a.
488 3235 602 3274 1076
637 3233 918 3286 Antwerpiae
960 3233 1124 3273 occisus
1168 3238 1228 3271 est
1271 3230 1368 3270 dolo
1404 3235 1451 3268 ut
1487 3227 1725 3280 putabatur
1760 3224 1934 3290 Roberli

83 3292 246 3335 comitis
289 3295 596 3336 Flandre‘nsis.
671 3295 729 3336 ΠΤ.
858 3295 902 3346 2)
936 3292 1111 3334 Salomo
1162 3299 1262 3330 tunc
1305 3289 1427 3342 apud
1463 3286 1720 3328 Heinricum
1763 3297 1932 3325 omnmo

83 3355 303 3407 nonfuit,
335 3356 412 3397 sed
437 3369 550 3396 umor
574 3356 666 3396 eius
689 3355 860 3396 nomine
893 3352 1063 3394 chclz'th.
1119 3350 1290 3404 cmyam
1333 3350 1446 3390 hanc
1477 3347 1734 3387 Lambertus
1768 3356 1931 3396 quoqne

84 3416 304 3467 narravit,
337 3417 414 3458 sed
445 3417 577 3457 multo
611 3416 753 3458 aliter.
815 3415 875 3455 W.
