2204 3765
109 236 217 269 1076.

39 1615 104 1659 ἦρ.
134 1617 216 1650 351.

236 84 296 124 40
726 78 924 119 BRUNO
950 78 1031 116 DE
1065 76 1260 116 BELLO
1291 75 1600 117 SAXONICO.

238 237 333 270 sua
370 237 401 269 a
438 217 756 268 monasterio
796 215 1033 278 duceret,
1083 230 1180 263 rex
1224 213 1496 280 sagittario
1545 212 1755 264 cuidam
1806 213 2092 283 praecepit,

236 296 294 339 ut
344 305 464 338 eum
511 287 660 336 iuxta
706 284 944 347 reginam
992 282 1182 349 sagitta
1230 279 1576 347 transfigeret.
1652 281 1757 334 Sed
1802 280 1869 333 ab
1909 281 2094 334 eodem

237 356 506 424 sagittario
534 352 894 422 praemonitus
922 351 1033 402 dux
1058 351 1293 418 reginam
1320 367 1426 400 non
1451 350 1716 418 perduxit,
1756 351 1848 403 sed
1881 351 2094 403 inventa

238 423 472 494 qualibet
509 440 668 473 causa
704 421 926 472 festinus
965 420 1031 472 ab
1072 438 1133 471 ea
1170 419 1402 470 recessit.

377 494 457 544 62.
533 491 713 542 Tertia
758 491 875 541 vice
928 506 1046 540 cum
1089 506 1277 540 causae
1316 487 1577 557 quaedam
1614 488 1751 539 intra
1789 487 2094 539 cubiculum

234 563 375 630 regis
437 569 718 629 agerentur
784 568 835 610 et
894 557 1190 610 actionibus
1247 556 1348 607 illis
1404 557 1515 608 dux
1565 575 1684 607 cum
1742 558 1930 626 paucis
1985 557 2093 608 suis

235 633 533 689 interesset,
583 629 892 679 nunciatum
941 637 1018 679 est
1056 628 1104 678 ei
1155 627 1295 696 quod
1335 626 1437 677 duo
1475 626 1616 694 regis
1653 625 1837 676 famuli
1881 627 2094 677 ianuam

237 718 356 750 cum
404 698 559 749 nudis
605 696 798 766 gladiis
851 697 1176 761 obsiderent,
1236 697 1325 764 qui
1375 695 1564 747 ducem
1617 695 1976 762 egredientem
2024 713 2094 747 ex

235 778 458 836 utroque
496 767 655 818 latere
693 766 1045 834 perfoderent.
1100 765 1286 833 Itaque
1327 782 1448 815 suos
1487 782 1607 815 cum
1645 763 1835 833 gladiis
1874 762 2096 817 occultis

238 837 440 889 occulte
489 837 613 888 fecit
663 835 937 901 advenire,
988 844 1039 886 et
1084 833 1289 902 aliquos
1341 852 1409 885 ex
1453 834 1582 902 ipsis
1631 832 1932 885 cubiculum
1969 833 2096 886 fecit

237 910 459 971 intrare,
511 905 765 974 plurimos
811 922 939 955 vero
986 922 1113 973 prae
1159 902 1361 954 foribus
1408 912 1561 957 stare.
1637 902 1879 972 Cumque
1919 903 2095 954 omnia

240 976 375 1027 sicut
412 977 636 1027 iusserat
674 982 850 1027 essent
876 973 1148 1043 disposita,
1188 991 1308 1024 cum
1335 973 1444 1024 suis
1472 971 1732 1024 accedens
1764 972 1832 1024 ad
1856 973 2095 1024 ianuam:

241 1044 444 1111 ‘Tales',
471 1045 658 1113 inquit,
688 1045 967 1109 ‘ianitores,
996 1043 1188 1094 domne
1214 1061 1323 1108 rex,
1351 1043 1405 1092 in
1431 1050 1604 1093 vestro
1633 1041 1875 1094 cubiculo
1902 1040 2120 1103 nollem?

238 1114 395 1166 modo
444 1113 669 1179 vidisse,
728 1131 824 1165 nec
873 1131 1106 1182 unquam
1156 1111 1378 1181 posthac
1437 1111 1665 1180 amplius
1713 1111 1833 1162 volo
1883 1111 2097 1163 videre.²

236 1184 386 1235 Haec
424 1183 631 1234 locutus
671 1192 721 1234 et
758 1182 886 1234 abiit
925 1200 1045 1233 cum
1082 1199 1276 1250 magno
1316 1181 1515 1246 furore,
1563 1188 1614 1232 et
1654 1179 1810 1247 dixit,
1863 1180 2007 1250 quod
2045 1187 2097 1233 et

234 1254 488 1322 implevit,
513 1252 655 1323 quod
676 1260 993 1321 numquama
1013 1250 1170 1303 vellet
1190 1250 1406 1302 ulterius
1429 1250 1494 1301 ad
1516 1251 1655 1318 regis
1678 1251 1878 1302 curiam
1897 1251 2092 1302 venire.

376 1323 458 1375 63.
534 1322 739 1373 Eodem
778 1321 894 1373 velb
942 1320 1098 1371 simili
1137 1319 1254 1371 dolo
1295 1320 1453 1370 etiam
1491 1318 1840 1371 Bertholdum
1878 1318 2097 1372 ducem⁰

237 1391 525 1460 quaerebat
562 1391 815 1460 perdere,
870 1392 995 1459 quia
1040 1389 1093 1441 hi
1132 1389 1237 1439 duo
1275 1390 1445 1456 magis
1484 1388 1802 1441 videbantur
1839 1389 1951 1441 eius
1989 1406 2096 1440 ma-

233 1461 375 1512 litiae
416 1460 685 1513 obsistere.
759 1460 829 1511 Et
868 1478 1030 1529 quare
1069 1458 1134 1510 de
1172 1459 1379 1510 duobus
1426 1465 1631 1510 tantum
1671 1459 1783 1509 eius
1821 1459 2096 1511 saevitiam

237 1548 614 1595 commemoro,
679 1530 770 1598 qui
825 1528 1026 1580 nullum
1082 1528 1147 1579 de
1201 1527 1535 1597 principibus
1589 1546 1806 1597 possum
1863 1546 2096 1581 asserere

239 1618 485 1652 securum
524 1599 615 1650 tali
654 1598 924 1668 periculo?
963 1597 1240 1664 *Quadam
1278 1616 1507 1666 namque
1535 1596 1620 1648 die
1659 1597 1786 1649 dum
1822 1598 1939 1667 ipse
1975 1616 2097 1650 cum

237 1670 344 1721 suis
383 1671 576 1720 scurris
615 1676 908 1720 moraretur
945 1669 999 1718 in
1038 1667 1279 1718 cubiculo
1327 1675 1378 1718 et
1415 1667 1654 1736 episcopi
1687 1668 1954 1736 ceterique
1990 1667 2095 1737 pri-

235 1746 402 1790 mates
441 1739 769 1790 excubarent
805 1739 860 1788 in
897 1737 1175 1802 vestibulo,
1214 1737 1379 1788 fertur
1413 1736 1514 1788 illis
1554 1737 1753 1789 dixisse
1781 1738 1872 1806 qui
1898 1737 2098 1789 conscii

238 1818 287 1861 et
324 1808 553 1860 fautores
593 1817 741 1860 erant
777 1826 902 1859 suae
939 1807 1229 1876 nequitiae:
1287 1806 1445 1858 ‘Ecce
1490 1807 1577 1858 isti
1615 1814 1761 1873 sunt,
1811 1807 1904 1876 qui
1946 1807 2096 1876 regni

235 1878 340 1929 mei
388 1877 597 1929 divitias
644 1877 862 1943 habent,
915 1885 964 1929 et
1010 1895 1093 1928 me
1143 1894 1396 1945 meosque
1445 1893 1626 1928 omnes
1678 1877 1733 1926 in
1782 1883 2098 1945 paupertate

233 1947 572 2017 reliquerunt.
660 1947 817 2012 Quod
873 1947 917 1997 si
972 1945 1045 1997 illi
1109 1945 1175 1998 de
1230 1945 1403 1997 medio
1468 1945 1690 1997 fuissent
1744 1944 1931 2013 ablati,
1997 1964 2096 2014 ego

235 2018 516 2086 cunctique
566 2017 673 2068 mei
718 2015 1001 2068 familiares
1041 2017 1145 2067 cito
1196 2033 1474 2085 possemus
1513 2014 1705 2066 divites
1754 2015 1882 2069 fieri.
1957 2016 2096 2081 Qua-

232 2095 449 2156 propter
496 2087 541 2138 si
585 2087 685 2138 viri
736 2087 860 2138 estis
912 2093 962 2137 et
1008 2084 1220 2136 divitias
1271 2084 1464 2136 habere
1510 2085 1726 2154 cupitiS,
1776 2086 1905 2136 istos
1955 2103 2096 2136 nunc

233 2159 459 2208 inermes
509 2156 698 2208 armati
745 2155 950 2208 fortiter
997 2155 1256 2219 invadite,
1305 2162 1355 2206 et
1402 2155 1578 2205 omnia
1627 2173 1762 2225 quae
1808 2153 1884 2205 illi
1932 2157 2098 2224 possi-

234 2226 361 2277 dent
399 2224 654 2294 accipite.’
730 2224 981 2278 Habebat
1019 2234 1193 2276 autem
1230 2225 1285 2274 in
1324 2222 1487 2275 cubili
1525 2242 1618 2275 suo
1658 2242 1867 2294 semper
1904 2223 2098 2276 multas

235 2314 446 2347 secures
483 2294 587 2346 lato
626 2294 762 2346 ferro
803 2294 1164 2363 splendentes,
1205 2294 1396 2364 quibus
1435 2311 1532 2344 nec
1571 2293 1772 2363 clipeus
1811 2311 1908 2346 nec
1943 2292 2097 2363 galea

233 2367 480 2418 resistere
521 2371 729 2433 poterat
765 2365 959 2415 virtute
999 2364 1190 2433 aliqua.
1255 2362 1414 2428 Quod
1450 2364 1553 2414 nisi
1580 2363 1735 2415 Anno
1764 2362 2095 2415 Coloniensis

233 2434 445 2504 praesul
483 2435 550 2486 ab
589 2452 694 2485 uno
735 2436 825 2503 qui
865 2452 985 2485 cum
1025 2434 1213 2485 ceteris
1251 2432 1460 2484 facinus
1500 2442 1612 2484 erat
1649 2443 1886 2500 acturUS,
1935 2431 2097 2503 paulo

232 2514 352 2556 ante
408 2504 595 2555 fuisset
661 2504 993 2556 submonitus
1008 2544 1019 2570 ,
1085 2521 1147 2554 ea
1202 2503 1286 2554 die
1347 2502 1535 2554 fuisset
1586 2510 1948 2572 perpetratum
2002 2503 2097 2554 mi-

235 2572 458 2626 serabile
495 2573 715 2625 facinus.

373 2645 453 2696 64.
528 2644 729 2695 Verum
768 2651 827 2694 ut
865 2642 932 2694 ad
959 2643 1134 2712 priora
1160 2641 1430 2711 paulisper
1455 2650 1704 2707 revertar,
1742 2641 1837 2693 ubi
1862 2641 2095 2710 primum

232 2715 484 2782 primates
511 2714 678 2765 nostri
705 2712 1026 2764 deditionem
1064 2712 1317 2775 fecerunt,
1359 2729 1540 2763 omnes
1577 2711 1789 2762 semitas
1830 2729 1963 2780 quae
2000 2729 2099 2779 per

231 2792 438 2834 montes
486 2782 685 2834 ducunt
731 2783 785 2832 in
832 2781 1064 2846 Italiam,
1120 2800 1217 2832 rex
1272 2780 1448 2832 claudi
1494 2781 1792 2850 praecepit,
1846 2798 1945 2832 nec
2001 2779 2094 2831 ulli

231 2852 433 2903 homini
471 2852 616 2902 viam
654 2860 835 2921 patere
873 2851 1138 2919 permisit,
1187 2869 1253 2903 ne
1291 2851 1367 2902 rei
1404 2852 1598 2902 veritas
1637 2850 1706 2901 ad
1742 2848 2096 2919 apostolicum

233 2922 379 2990 prius
418 2922 638 2987 veniret,
680 2939 837 2990 quam
877 2923 990 2989 ipse
1027 2939 1122 2988 per
1159 2919 1361 2988 legatos
1388 2921 1442 2970 in
1469 2938 1619 2971 suum
1646 2919 1882 2971 favorem
1919 2920 2096 2988 ipsum

233 2990 584 3059 apostolicum
635 2990 947 3042 traduceret.
1021 2989 1232 3041 Deinde
1271 2990 1415 3040 misit
1451 2989 1690 3040 Romano
1739 2988 1982 3058 pontifici
2025 2987 2095 3040 le‘

234 3071 400 3128 gatOS,
442 3063 531 3129 qui
572 3061 618 3111 ei
656 3061 974 3123 intimarent,
1016 3058 1159 3127 quod
1198 3059 1436 3127 episcopi
1477 3059 1743 3111 Saxoniae
1781 3059 1863 3109 sui
1897 3057 2095 3109 ordinis

235 3128 388 3181 obliti
445 3137 627 3180 contra
677 3149 731 3182 se
777 3130 831 3179 in
879 3128 1081 3198 proelio
1132 3131 1404 3196 congressi
1448 3128 1697 3193 fuissent,
1745 3146 1973 3197 eumque
2014 3144 2097 3178 ro-

232 3206 437 3268 garent,
480 3209 538 3250 ut
576 3217 664 3250 eos
703 3199 838 3250 sicut
873 3197 1125 3264 infideles,
1165 3199 1405 3267 periuros
1432 3206 1484 3250 et
1508 3197 1630 3250 belli
1657 3197 1827 3250 civilis
1854 3203 2097 3248 auctores

232 3268 404 3336 gradu
442 3267 754 3320 sacerdotali
782 3269 1083 3337 deponeret,
1123 3277 1381 3337 quatenus
1409 3267 1538 3319 tales
1566 3286 1661 3337 per
1689 3268 1846 3337 quosd
1874 3264 2096 3319 ecclesia

232 3408 269 3443 a)
299 3404 388 3435 deest
420 3407 450 3435 1.
553 3402 589 3443 b)
618 3409 654 3434 et
684 3404 715 3434 l.
821 3401 854 3443 c)
885 3403 917 3433 d.
949 3403 993 3434 de
1022 3403 1185 3440 Zaringe
1217 3405 1249 3435 2.
1354 3401 1391 3444 d)
1421 3403 1510 3434 deest
1539 3405 1571 3435 1.
