2204 3765
141 218 245 250 1073.

167 1540 246 1570 Iun.

90 1951 171 1983 Iun.
192 1953 249 1986 29.

270 75 324 112 14
752 74 949 114 BRUNO
982 73 1061 112 DE
1095 71 1289 111 BELLO
1325 70 1631 112 SAXONICO.

265 210 498 262 fidelium
536 211 736 279 recepit
770 208 1176 260 multitudinem.
1249 207 1381 259 Inde
1423 215 1606 258 natum
1642 206 1978 276 proverbium
2015 227 2111 277 per

266 288 429 330 totam
482 280 768 331 Saxoniam
826 278 1148 346 divulgatur:
1207 276 1349 346 quod
1394 293 1529 326 unus
1582 275 1724 327 Saxo
1776 278 2112 344 septuaginta

268 349 454 400 Suevis
493 362 708 411 ematur,
746 346 829 398 vcl
856 347 1189 414 septuaginta
1217 346 1377 397 Suevi
1401 361 1504 394 uno
1533 343 1745 396 Saxone
1768 346 2109 397 redimantur.

407 419 488 468 22.
562 418 646 468 De
683 416 852 467 reditu
879 416 1030 466 ducis
1056 415 1236 483 Magni
1258 425 1271 451 ¹
1313 420 1509 483 quanta
1533 412 1750 465 fuissent
1777 415 1918 465 omni
1945 414 2111 466 Saxo-

267 488 384 536 niae
433 486 653 553 gaudia,
707 484 948 535 Tulliana
994 502 1099 535 non
1147 493 1327 552 posset
1374 481 1640 551 explicare
1688 483 1957 534 facundia:
2006 500 2113 533 non

267 556 433 621 magis
485 555 547 605 de
598 553 683 605 illo
732 553 1037 622 gauderent,
1090 553 1131 602 si
1182 571 1300 603 eum
1347 570 1377 602 a
1426 559 1592 602 morte
1628 551 1927 602 redivivum
1964 569 2114 602 acce-

267 625 481 692 pissent.
547 624 756 687 Quanto
796 641 915 673 eum
956 641 1010 672 se
1049 640 1282 690 unquam
1330 621 1509 671 vivum
1547 621 1754 671 visuros
1801 620 2113 689 desperave-

267 701 399 756 rant,
439 701 582 742 tanto
622 710 742 742 eum
781 691 1020 742 videntes
1058 692 1237 741 vivum
1275 691 1472 741 maiore
1503 688 1701 740 laetitia
1726 688 2113 758 tripudiabant3

266 779 364 812 nec
404 760 572 811 solum
613 762 691 810 sui
729 760 812 811 vel
850 761 1060 826 cognati
1097 759 1182 810 vel
1221 759 1434 811 clientes
1472 759 1583 810 eius
1616 757 1681 810 de
1708 758 1873 810 salute
1898 757 2114 827 plaude-

267 829 409 891 bant,
450 830 540 880 sed
580 830 747 879 omnis
789 830 999 879 omnino
1038 827 1265 896 populus
1304 829 1649 897 omnipotenti
1685 828 1820 893 Deo,
1865 828 1956 896 qui
1993 845 2115 878 eum

268 897 576 950 mirabiliter
600 897 858 949 liberavit.
898 897 1079 948 laudes
1107 899 1423 948 unanimiter
1446 896 1713 949 reddebat.
1777 897 1947 962 Quem
1974 896 2115 948 enim

267 977 486 1035 patruus
524 985 649 1018 suus
687 965 1056 1018 inaestimabili
1093 966 1429 1034 praediorum
1469 968 1579 1017 sive
1615 968 1961 1034 pecuniarum
1997 983 2115 1035 pre-

267 1038 338 1087 tio
378 1035 633 1087 redimere
671 1054 775 1087 non
814 1035 991 1100 valuit,
1037 1036 1175 1085 hunc
1213 1035 1393 1086 divina
1428 1036 1597 1103 pietas
1635 1053 1695 1086 eo
1733 1036 1907 1099 modo,
1959 1052 2116 1103 quem

267 1104 496 1156 humana
551 1104 830 1173 prudentia
883 1122 1171 1173 numquam
1226 1114 1407 1173 posset
1461 1105 1796 1172 excogita-re,
1856 1103 2116 1155 liberavit.

267 1175 453 1242 Itaque
492 1173 652 1224 nichil
690 1177 797 1226 fere
835 1175 939 1224 iam
978 1174 1198 1225 sonabat
1236 1192 1303 1224 ex
1342 1191 1430 1224 ore
1467 1174 1628 1224 totius
1667 1174 1949 1237 Saxoniae,
1987 1173 2116 1223 nisi:

268 1243 402 1294 ‘Deo
453 1244 648 1311 gratias
696 1244 761 1294 de
812 1243 994 1310 Magni
1042 1243 1189 1293 ducis
1239 1241 1554 1294 ammirabili
1598 1241 1947 1294 liberatione!'
2031 1240 2116 1292 Illi

269 1313 356 1381 qui
396 1330 683 1381 numquam
711 1331 829 1363 eum
855 1313 1110 1376 viderant,
1149 1329 1244 1378 pro
1272 1313 1382 1362 eius
1409 1311 1677 1379 ereptione
1702 1329 1807 1362 non
1833 1312 2061 1362 minores
2077 1319 2116 1376 ³,

269 1400 427 1450 quam
479 1382 521 1430 si
571 1381 635 1433 de
682 1382 795 1432 eius
843 1398 1034 1449 genere
1087 1381 1171 1430 vel
1217 1379 1415 1430 familia
1462 1380 1698 1446 fuissent,
1753 1381 1871 1432 Deo
1915 1380 2116 1449 gratias

267 1450 509 1518 agebant.

406 1519 488 1569 23.
561 1517 769 1570 Deinde
809 1536 927 1568 cum
959 1518 1261 1586 principum
1288 1517 1545 1568 festivitas
1572 1517 1946 1587 apostolorum,
1972 1518 2117 1569 Petri

266 1586 510 1639 videlicet
563 1596 613 1638 et
649 1586 815 1653 Pauli,
862 1589 1256 1656 propinquaret,
1305 1587 1576 1655 praecepit
1611 1605 1723 1653 rex,
1773 1595 1832 1638 ut
1868 1587 2119 1638 universa

266 1657 565 1725 principum
616 1656 879 1708 Saxoniae
928 1656 1208 1708 multitudo
1259 1655 1555 1707 Goslariam
1600 1658 1919 1723 conveniret,
1965 1665 2023 1708 ut
2071 1657 2116 1707 si

268 1725 395 1795 quid
441 1727 504 1777 de
556 1726 923 1777 communibus
973 1726 1122 1794 regni
1168 1726 1392 1794 negotiis
1429 1726 1517 1794 agi
1552 1726 1771 1795 dignum
1809 1733 2116 1796 emergeret,

265 1795 365 1846 hoc
403 1795 516 1863 ipse
556 1796 822 1846 communi
858 1796 1158 1864 principum
1197 1793 1416 1846 consilio
1443 1803 1703 1846 tractaret.
1767 1794 1967 1847 Omnes
1992 1793 2118 1845 illuc

266 1863 464 1915 alacres
501 1864 834 1930 festinabant,
875 1865 997 1932 quia
1036 1863 1409 1929 calamitatum,
1450 1883 1581 1933 quas
1610 1864 1845 1916 Saxonia
1880 1865 1986 1915 iam
2024 1863 2117 1915 diu

267 1933 539 2000 tolerabat,
577 1933 807 2001 aliquem
845 1935 1125 1984 terminum
1150 1933 1260 1984 fore
1286 1932 1582 2001 sperabant.
1644 1934 1814 2002 Igitur
1836 1934 2118 1986 festivitate

267 2002 541 2054 celebriter
597 2003 879 2068 celebrata,
937 2022 1057 2054 cum
1108 2003 1218 2053 dics
1268 2004 1335 2054 ad
1392 2021 1579 2054 causas
1634 2003 1865 2072 agendas
1921 2010 2120 2055 statuta

264 2073 510 2137 venisset,
557 2073 791 2142 episcopi
830 2073 991 2123 duces
1029 2073 1248 2124 comites
1288 2073 1550 2141 ceterique
1588 2072 1656 2123 ad
1693 2071 1956 2141 palatium
1986 2071 2118 2123 dilu-

267 2140 384 2192 culo
424 2142 592 2210 primo
634 2150 1049 2210 congregantur3
1100 2140 1281 2210 ibique
1320 2141 1577 2207 sedenteS,
1616 2142 1785 2193 donec
1821 2141 1890 2192 ad
1927 2160 1982 2193 se
2019 2159 2117 2193 rex

266 2211 564 2279 egrediatur
600 2210 683 2262 vel
720 2211 786 2262 ad
825 2230 878 2262 se
916 2210 1096 2262 iubeat
1133 2229 1221 2262 eos
1246 2212 1456 2276 intrare,
1494 2212 1849 2280 nequicquam
1875 2210 2119 2280 operiun-

265 2290 364 2331 tur.
437 2280 572 2330 Nam
625 2279 710 2332 ille
762 2279 948 2332 cubilis
1000 2282 1079 2331 sui
1125 2278 1327 2331 foribus
1384 2279 1599 2347 clausis,
1655 2281 1794 2332 intus
1842 2298 1962 2330 cum
2007 2280 2118 2331 suis

264 2350 512 2417 parasitis
550 2349 675 2401 aleis
714 2349 799 2400 vel
836 2351 1022 2401 ceteris
1059 2351 1215 2401 rebus
1254 2350 1545 2419 nugatoriis
1585 2367 1798 2418 operam
1842 2348 2018 2415 dabat,
2066 2357 2119 2402 et

265 2427 341 2470 tot
377 2436 598 2486 magnos
636 2419 872 2470 homines
909 2419 978 2470 ad
1015 2436 1163 2470 suam
1199 2420 1413 2470 ianuam
1451 2419 1732 2486 excubare,
1784 2420 1936 2489 quasi
1971 2436 2116 2469 man-

268 2488 406 2556 cipia
432 2488 705 2555 vilissima,
741 2487 957 2539 nichilib
985 2488 1266 2558 pendebat.
1327 2489 1462 2540 Tota
1500 2488 1612 2539 dies
1637 2487 1726 2539 illa
1749 2487 1979 2554 transiit3
2017 2505 2116 2539 nec

265 2558 379 2626 ipse
426 2576 523 2608 nec
573 2557 764 2627 aliquis
813 2576 940 2609 vera
985 2567 1200 2627 portans
1237 2559 1453 2609 nuntius
1491 2558 1559 2609 ad
1597 2576 1685 2609 eos
1724 2558 1904 2609 exivit.
1978 2555 2116 2608 Cum

265 2627 370 2677 iam
420 2645 529 2678 nox
579 2627 720 2678 facta
771 2627 967 2691 fuisset,
1026 2627 1242 2696 quidam
1295 2627 1360 2678 de
1406 2627 1652 2696 parasitis
1702 2628 1814 2678 eius
1853 2644 2115 2694 egressus,

265 2697 596 2765 principibus
646 2697 874 2747 irrisorie
921 2697 1085 2761 dixit,
1144 2696 1397 2765 quamdiu
1443 2696 1517 2747 ibi
1565 2694 1758 2748 vellent
1813 2703 2114 2764 expectare,

267 2783 389 2815 cum
425 2784 523 2816 rex
561 2784 656 2835 per
693 2765 850 2816 aliam
887 2766 1097 2816 ianuam
1137 2783 1393 2834 egressus,
1432 2765 1499 2816 ad
1523 2763 1709 2816 urbem
1737 2773 1918 2815 suam²
1944 2763 2116 2815 veloci

268 2852 423 2884 cursu
468 2835 812 2904 properaret?
884 2834 967 2885 lbi
1004 2842 1123 2885 sunt
1162 2845 1378 2885 omnesc
1413 2834 1545 2885 adeo
1583 2834 1794 2899 turbati,
1842 2834 1933 2902 qui
1969 2841 2116 2885 tanto

266 2902 471 2954 fuerant
525 2904 689 2954 habiti
737 2923 767 2954 a
814 2904 954 2971 regis
1011 2902 1258 2972 superbia
1313 2903 1659 2971 contemptui,
1713 2911 1771 2954 ut
1822 2903 1923 2953 nisi
1972 2901 2115 2954 Dedi

267 2971 529 3022 marchio·3
580 2990 760 3025 eorum
797 2972 1025 3024 furorem
1066 2990 1160 3022 sua
1196 2973 1476 3041 prudentia
1515 2979 1890 3041 compesceret,
1930 2971 2116 3024 eadem
2188 2992 2204 2997 ⁴

267 3121 302 3161 a)
332 3123 561 3152 inmemores
593 3124 623 3153 1.
775 3121 812 3161 b)
838 3123 889 3153 ita
920 3119 984 3161 1³03
1021 3123 1283 3162 vilipendebat
1312 3124 1351 3161 13
1391 3122 1501 3161 parvi
1528 3122 1720 3162 pendebat
1748 3124 1793 3162 23
1817 3121 1921 3162 infra
1947 3130 2023 3161 cap.
2055 3122 2111 3154 74.

266 3171 525 3210 vilipendebat
551 3179 616 3201 suo
644 3171 718 3201 loco
746 3174 805 3201 est.
845 3171 883 3203 P.
986 3170 1018 3212 c)
1047 3173 1135 3202 deest
1166 3174 1206 3210 1;
1233 3172 1330 3202 adest
1359 3168 1414 3203 lb.
1445 3172 1476 3202 2.

269 3303 314 3355 1)
358 3302 471 3342 Eum
522 3308 623 3354 post
679 3302 792 3356 regis
837 3303 1001 3356 fuglam
1045 3303 1087 3343 (Ζ.
1133 3303 1201 3343 15.
1242 3302 1355 3356 Aug.
1399 3302 1625 3343 dimissum
1667 3316 1756 3344 esse
1800 3308 1978 3343 constat.
2052 3301 2112 3342 W.

267 3362 313 3414 2)
350 3363 376 3403 i.
412 3377 445 3404 e.
480 3363 539 3403 ad
573 3377 715 3404 arcem
748 3362 999 3417 Harzburq.
1061 3361 1118 3403 W.
1245 3363 1293 3416 3)
1333 3361 1565 3404 Orientalis
1599 3363 1688 3405 sive
1721 3363 1949 3403 Lusatiae.
2007 3361 2065 3402 W.

2190 3416 2204 3439 t
