2204 3765
586 104 783 144 BRUNO
814 105 894 144 DE
927 107 1121 148 BELLO
1156 109 1461 152 SAXONICO.
1873 121 1929 160 87

103 243 236 313 quid
259 249 476 293 nostra³
502 244 730 306 interest,
758 250 815 292 ut
841 245 949 294 iam
977 245 1179 295 dudum
1191 247 1410 312 finitam
1439 252 1634 318 synodi
1657 254 1933 309 Romanae
1955 274 2059 306 1072.

102 313 418 363 sententiam
471 318 813 362 retractemus
868 320 914 362 et
967 313 1142 365 denuo
1200 316 1274 366 ad
1325 321 1583 370 rationem
1631 326 1933 387 ponamus?

108 380 256 441 Quid
313 381 386 432 ad
446 398 570 445 nos,
622 387 680 430 ut
723 379 1100 446 discutiamus,
1161 387 1208 434 si
1259 385 1338 436 illi
1387 388 1594 438 iustitia
1624 389 1818 455 faceat
1865 395 1937 444 ad

104 449 448 502 obtinendum
492 467 744 518 reqnum,
793 451 883 500 cui
932 469 1019 500 vos
1062 455 1220 519 requi
1265 453 1626 521 ¹qubernacula
1673 461 1774 509 iam
1818 470 1938 511 ante

101 521 399 571 triennium
452 518 656 588 synodo
711 518 988 568 iudicante
1048 522 1436 572 interdioeistis?
1517 526 1713 576 Nonne
1766 533 1940 598 maqis

104 590 356 656 oportuit,
394 596 452 638 ut
477 587 741 639 iudicium
767 585 906 638 illud
931 588 1196 639 discussio
1266 592 1574 657 raecederet,
1614 615 1767 663 quam
1799 617 1940 648 nunc

101 658 318 709 tandem
354 655 742 725 subsequatur?
796 656 1062 707 Novimus
1100 609 1507 728 inteffljiqentiam
1538 673 1772 730 uestram,
1811 670 1942 734 quia

101 745 395 795 numquam
433 727 497 778 de
532 745 590 777 re
628 725 941 777 indiscussa
967 727 1205 796 synodus
1244 729 1389 780 vobis
1417 734 1761 798 praesidente
1799 737 1937 786 iudi-

102 798 260 847 cavit.
318 793 468 854 Quae
494 814 619 864 erqo
646 797 931 846 necessitas
957 797 1220 848 secundae
1247 798 1631 852 discussionis?
1679 803 1743 854 Si
1770 814 1941 856 mitem

99 865 418 933 praedictus
456 863 544 915 ville
581 864 821 915 nondum
860 865 1136 916 discussus
1175 875 1270 931 est,
1323 869 1414 919 sed
1462 873 1598 920 sicut
1639 892 1724 922 cos
1761 874 1941 924 dicitis

104 935 284 986 adhuc
323 934 721 999 discutiendus,
769 952 904 1001 quae
942 937 1084 986 ratio
1107 936 1253 1003 fuit,
1303 946 1358 987 ut
1394 938 1599 990 homini
1639 942 1940 993 indiscusso

101 1003 309 1072 reyali's
347 1003 591 1073 diqnitas
617 1021 682 1054 eae
720 1003 985 1072 diqnitate
1014 1004 1310 1071 apostolica
1337 1010 1449 1058 sine
1476 1008 1580 1059 ullo
1609 1011 1942 1063 condicionis

105 1074 473 1125 additamento
532 1072 978 1124 interdiceretur?
1064 1073 1128 1124 Si
1188 1076 1427 1126 nondum
1489 1078 1788 1144 discussuS,
1851 1082 1945 1132 sed

103 1144 283 1195 adhuc
338 1143 728 1208 discutiendus,
786 1161 954 1211 quare
1013 1145 1132 1212 reqi
1191 1143 1346 1194 alteri
1401 1146 1606 1198 obedire
1654 1166 1718 1198 eac
1768 1158 1943 1200 vrestra

103 1214 421 1264 auctoritate
468 1214 608 1264 iussi
655 1231 863 1277 sumus,
905 1214 1236 1280 priusquam
1287 1221 1476 1266 certum
1513 1215 1740 1282 fuisset,
1791 1221 1945 1270 istum

101 1301 211 1333 non
240 1300 401 1350 posse
438 1281 705 1351 reynare?
757 1281 940 1333 Huius
964 1284 1047 1333 rei
1082 1290 1230 1332 testes
1266 1292 1391 1333 sunt
1418 1285 1570 1351 apud
1610 1305 1704 1336 nos
1741 1286 1945 1338 litterae

101 1360 340 1418 vestrae,·
379 1354 580 1420 quippe
608 1351 751 1420 quod
775 1350 983 1420 legatus
1005 1351 1146 1402 sedis
1169 1352 1493 1419 apostolicae
1520 1364 1687 1406 vestra
1711 1358 1946 1407 iussione

104 1423 372 1473 anteriori
397 1420 481 1473 illi
506 1422 680 1473 denuo
706 1423 864 1490 reqni
888 1421 1260 1490 gubernacula
1294 1423 1658 1475 vinterdicendo
1688 1445 1719 1475 a
1746 1423 1945 1477 limini-

103 1492 201 1543 bus
238 1499 457 1542 sanctae
495 1491 743 1542 ecclesiae
781 1493 1059 1558 separavit
1095 1499 1204 1542 tam
1240 1491 1387 1542 illum
1435 1512 1589 1560 quam
1633 1513 1806 1545 omnes
1843 1495 1947 1547 sibi

104 1563 517 1627 consentientes,·
558 1561 780 1612 alterum
827 1580 959 1625 vero,
1001 1563 1095 1629 qui
1131 1563 1190 1612 in
1228 1560 1399 1612 locum
1441 1561 1585 1613 illius
1623 1564 1946 1632 subro'qatus

102 1639 178 1682 est
212 1639 400 1682 nostra
436 1629 699 1696 electione,
740 1632 796 1681 in
832 1633 1042 1698 reqiam
1079 1630 1394 1699 di'qnitatem
1431 1633 1724 1700 apostolica
1767 1642 1943 1684 ‹uicto-

103 1703 264 1752 ritate
313 1700 674 1767 confirmavit,
728 1699 1112 1768 omnibusqueb
1169 1702 1222 1751 in
1274 1720 1438 1768 reqno
1491 1703 1772 1753 Teutonico
1823 1722 1944 1754 con-

102 1770 440 1836 sistentibus,
500 1778 559 1820 ·ut
607 1771 710 1821 sibi
758 1770 1033 1835 obediant,
1094 1787 1158 1821 eoe
1205 1778 1368 1837 parte
1420 1773 1792 1838 omnipotentis
1842 1772 1948 1823 Dei

94 1842 396 1908 praecepit.
469 1839 752 1908 Numquid
798 1840 928 1890 haec
981 1842 1163 1891 omnia
1209 1840 1532 1890 destruenda
1583 1850 1705 1891 sunt
1754 1850 1798 1890 et
1839 1859 1946 1908 pro

104 1909 307 1962 nichilo
333 1908 679 1978 reputanda?
730 1909 794 1960 Ut
821 1918 995 1960 autem
1022 1909 1084 1960 de
1120 1908 1347 1978 reliquis
1388 1909 1627 1961 omnibus
1663 1918 1946 1972 taceamus,

104 1987 239 2031 certe
276 1981 325 2031 si
360 1978 479 2031 sola
515 1980 612 2030 illa
652 1977 915 2030 absolutio
953 1987 1428 2043 sacramentorum,
1466 1999 1626 2048 quam
1656 1982 1715 2030 in
1742 1980 1946 2047 synodo

86 2049 324 2119 fecistis,
362 2048 595 2118 effectum
633 2049 890 2100 habitura
928 2057 1015 2113 est,
1058 2048 1425 2100 indubitanter
1459 2057 1664 2100 constat
1689 2052 1815 2118 quia
1856 2051 1948 2100 iste

104 2138 203 2169 reoe
252 2137 360 2170 esse
410 2138 520 2170 non
556 2127 746 2186 potest.
827 2117 1102 2178 Quomodo
1153 2120 1293 2170 enim
1340 2137 1570 2186 reqnare
1605 2127 1803 2186 potest,
1859 2120 1950 2169 cui

105 2187 290 2240 nullus
329 2189 518 2240 amodo
542 2188 858 2254 fidelitatem
897 2207 963 2239 eae
1002 2188 1172 2239 debito
1202 2188 1413 2239 servat:2
1457 2187 1727 2247 Quomodo
1767 2205 1947 2256 reqere

98 2258 369 2327 populum
398 2267 599 2326 potest,
653 2261 746 2327 qui
793 2260 854 2310 in
894 2258 1124 2326 agendis
1163 2260 1344 2309 causis
1389 2257 1652 2326 leqalibus
1690 2260 1946 2308 neminem

107 2329 181 2380 ad
201 2328 533 2397 faciendum
580 2331 779 2380 iustum
829 2329 1097 2379 iudicium.
1135 2336 1589 2378 sacramentorum
1629 2327 1948 2394 obligatione

106 2400 472 2467 constringere
507 2397 707 2466 potest?
782 2397 847 2450 Si
885 2406 1085 2463 autem,
1125 2397 1270 2467 quod
1307 2397 1469 2462 absit,
1520 2395 1811 2464 apostolica
1851 2395 1948 2446 illa

105 2468 453 2537 indulqentia
491 2486 599 2536 pro
651 2476 771 2518 rato
820 2467 1070 2518 habenda
1115 2486 1222 2518 non
1275 2474 1374 2531 est,
1431 2466 1562 2534 quid
1599 2467 1698 2516 erit
1740 2465 1802 2515 de
1839 2463 1949 2515 illis

104 2539 375 2606 episcopis
402 2546 448 2589 et
474 2536 618 2603 aliis,
658 2539 753 2606 qui
777 2546 899 2605 spec
917 2537 1240 2605 praedictae
1267 2535 1617 2587 absolutionis
1643 2537 1950 2586 iuramenta

107 2608 372 2659 Heinrico
422 2608 710 2675 praedicto
745 2606 913 2675 facta
972 2604 1352 2675 infreqerunt?
1424 2604 1620 2656 Nonne
1669 2602 1949 2670 manifeste

97 2679 345 2747 peri-urii
393 2676 824 2729 convincuntur?
898 2676 965 2728 Si
1015 2679 1155 2728 enim
1204 2674 1291 2727 ille
1328 2677 1463 2726 iuste
1499 2691 1728 2743 reqnare
1757 2679 1947 2740 potest,

105 2749 201 2800 isti
235 2749 434 2798 iniuste
465 2746 722 2815 fecerunt
760 2749 854 2816 qui.
891 2748 1198 2815 promissae
1235 2744 1339 2796 sibi
1363 2742 1647 2809 fidelitatis
1689 2745 1875 2810 'iu-qum
1914 2759 1949 2791 a

106 2836 161 2869 se
200 2819 565 2884 proiecerunt.
637 2815 833 2868 Adhuc
881 2815 1050 2868 aliud.
1139 2812 1284 2874 Quid
1335 2813 1397 2864 de
1444 2812 1553 2864 illis
1600 2811 1948 2863 sacramentis

106 2889 209 2938 erit
233 2905 370 2955 quae
384 2895 580 2955 postea
604 2889 725 2956 reqi
748 2884 1168 2954 Rodulfofacta
1193 2891 1332 2949 sunt,
1372 2885 1526 2934 cuius
1553 2881 1750 2933 ditioni
1780 2887 1950 2930 vestra

108 2959 426 3008 auctoritate
473 2957 754 3026 subiuqati
803 2954 1023 3007 sumus?2
1107 2955 1240 3005 Ecce
1288 2952 1464 3021 qualis
1512 2969 1691 3002 rerum
1731 2956 1948 3016 pertur-

106 3026 288 3078 batio!
359 3026 656 3078 Attendant
692 3034 739 3077 et
775 3027 995 3077 videant
1032 3042 1207 3075 omnes
1247 3024 1341 3091 qui
1377 3040 1570 3072 sanum
1606 3021 1854 3087 sapiunt,
1902 3018 1951 3068 si

87 3094 312 3165 factum
360 3104 434 3148 est
470 3096 861 3160 huiuscemodi,
912 3097 963 3146 si
1000 3094 1194 3145 audita
1230 3100 1302 3143 est
1339 3109 1577 3160 unquam
1624 3092 1683 3140 in
1730 3086 1950 3139 ecclesia

108 3164 374 3233 confusio,
413 3165 608 3218 similis
635 3166 760 3217 huic
787 3163 1114 3233 confusioni.
1190 3162 1381 3225 Videte,
1419 3161 1694 3211 carissime
1721 3157 1947 3219 domine,

107 3237 243 3303 quia
293 3243 442 3286 terra
489 3243 745 3287 commota
791 3242 867 3286 est
911 3242 957 3284 et
1003 3230 1336 3285 conturbata.
1419 3228 1485 3280 Si
1536 3228 1695 3279 vultis
1747 3241 1948 3276 sanare

107 3306 456 3357 contri-tiones
493 3307 625 3370 eius,
662 3307 724 3356 in
762 3323 819 3355 eo
859 3302 1003 3372 quod
1040 3302 1289 3368 coepistis
1312 3299 1547 3365 firmiter
1575 3297 1863 3364 persistite,
1903 3299 1949 3343 et

106 3438 147 3480 a)
174 3442 302 3472 vestra
329 3441 362 3473 2.
463 3439 502 3481 b)
531 3449 603 3480 que
630 3440 721 3471 deest
749 3441 782 3472 1.
885 3436 920 3478 c)
947 3437 999 3467 ita
1026 3437 1068 3474 23
1096 3437 1250 3476 propter
1277 3435 1310 3465 1.
