2204 3765
534 102 731 142 BRUNO
765 104 845 143 DE
877 105 1071 147 BELLO
1107 108 1412 149 SAXONICO.
1835 117 1887 154 73

55 242 180 311 quia
235 238 439 291 incolae
499 238 575 290 illi
621 240 791 307 pridie
846 250 1049 293 nostros
1104 243 1360 312 fugientes
1410 247 1758 314 spoliaverant
1812 252 2012 306 velmta.

55 308 370 362 occiderant.
438 307 746 377 Sigifridum
775 328 877 378 quo
920 330 984 362 ue
1011 312 1374 380 Mogontinum
1403 316 1711 384 praesulem,
1740 337 1890 386 quem

55 387 272 449 captum
311 396 430 428 cum
468 376 646 429 multis
684 377 799 429 aliis
829 329 999 429 adcline
1029 381 1322 447 servabant,
1360 383 1615 435 violenter
1651 387 1892 453 eripiunt,

55 466 342 517 secumque
379 447 670 516 gaudentes
710 455 761 498 et
797 447 1020 515 hymnos
1058 450 1175 500 Deo
1214 462 1460 503 canentes
1504 454 1568 503 ad
1609 456 1893 506 §saxoniam

53 517 330 569 reducunt.
403 517 692 585 Postquam
718 534 842 567 vero
881 517 1103 569 diversis
1142 537 1208 569 ex
1246 521 1481 588 partibus
1517 541 1695 573 omnes
1734 526 1894 574 nostri

55 592 436 651 convenerunt,
491 594 541 637 et
591 585 716 654 quid
766 585 969 637 fortiter
1018 587 1247 654 egissent
1296 589 1375 639 vel
1427 602 1621 659 quanta
1667 593 1896 659 pericula

56 655 280 726 qualiter
342 655 646 720 evasissent,
709 655 938 706 invicem
1006 656 1197 723 singuli
1260 658 1561 723 retulerunt,
1622 679 1723 710 non
1787 663 1894 713 sine

54 724 218 776 multo
256 723 381 775 fletu
419 724 609 774 multas
645 722 827 774 laudes
864 725 1181 777 unanimiter
1218 727 1334 778 Deo
1375 729 1726 793 reddiderunt,
1778 749 1894 781 cnm

54 813 150 865 pro
187 795 340 845 victis
379 801 430 845 et
466 793 659 863 fugatis
697 793 953 859 hostibus,
993 803 1104 845 tum
1143 796 1300 846 etiam
1338 815 1432 865 pro
1472 797 1702 849 liberatis
1741 802 1894 851 tantis

53 863 434 916 sacerdotibus

198 933 311 984 102.
386 933 474 983 Ex
527 932 719 984 nostris
781 932 960 1001 itaque
1021 933 1258 1001 partibus
1321 945 1527 1002 praeter
1587 938 1896 1005 epismqnnn

54 1001 622 1071 Magedaburgensem,
662 1001 752 1070 qui
791 1002 982 1053 cecidit
1017 1004 1071 1052 in
1108 1003 1249 1071 fuga,
1288 1023 1440 1055 nemo
1479 1007 1567 1073 qui
1606 1007 1794 1073 dignus
1834 1009 1898 1057 sit

52 1073 265 1124 nomine
302 1073 459 1140 periit
494 1073 549 1121 in
584 1070 673 1122 illa
711 1089 918 1140 pugna;
967 1089 1035 1121 ex
1072 1071 1245 1122 hostili
1282 1091 1404 1123 vero
1443 1084 1588 1142 parte
1630 1077 1898 1127 iacuerunt

54 1142 130 1194 ibi
185 1142 250 1193 de
305 1141 635 1211 principibus
690 1140 1034 1192 nobilissimis
1083 1141 1426 1192 Evcrhardus
1473 1143 1747 1207 Barbatus,
1809 1146 1897 1214 qui

49 1211 212 1264 huius
251 1210 374 1263 belli
412 1219 523 1263 erat
559 1212 799 1262 incentor
837 1211 1203 1276 saevissimus,
1243 1213 1428 1280 Poppo
1468 1212 1620 1262 simul
1659 1223 1708 1263 ct
1746 1213 1897 1265 'rhie-

54 1281 260 1345 baldus,
310 1281 594 1332 Heinricus
642 1280 705 1332 de
750 1279 1153 1332 Lechesmundi.
1227 1281 1447 1332 Factum
1497 1293 1574 1332 cst
1625 1301 1747 1349 ergo
1802 1284 1897 1334 hoc

55 1350 317 1420 proelium
367 1350 658 1402 secundum
715 1369 852 1401 anno
905 1350 1125 1400 Domini
1185 1351 1333 1417 1078,
1393 1352 1436 1402 7.
1489 1352 1612 1402 Idus
1657 1347 1898 1420 Augusti,

54 1421 186 1473 feria
218 1422 266 1472 3.

197 1491 311 1542 103.
386 1490 670 1542 Heinricus
706 1508 833 1541 vero
883 1489 937 1539 in
985 1489 1203 1542 Octobri
1253 1490 1494 1558 proximo
1534 1489 1899 1558 lleginesburg

54 1560 290 1625 veniens,
327 1560 657 1630 principibus
686 1558 918 1611 collectis
944 1560 1195 1624 narravit,
1235 1559 1376 1627 quod
1401 1560 1503 1609 iam
1542 1559 1696 1627 longo
1735 1558 1898 1610 labori

55 1629 215 1682 finem
252 1631 461 1682 fecisset
497 1628 765 1698 nichilque
803 1629 904 1681 sibi
939 1628 1240 1679 faciendum
1276 1637 1507 1694 restaret,
1561 1631 1659 1679 nisi
1696 1640 1752 1679 ut
1788 1628 1899 1679 illos

57 1700 149 1769 qui
186 1718 366 1752 secum
402 1699 688 1770 participes
739 1708 888 1751 erant
932 1698 1143 1764 laboris,
1195 1708 1459 1750 consortes
1508 1701 1662 1750 etiam
1709 1700 1901 1749 faceret

55 1770 246 1839 dignae
307 1769 684 1822 retributionis.
775 1770 931 1820 Dixit
983 1786 1212 1837 namque
1264 1767 1500 1820 Saxones
1556 1769 1609 1818 in
1670 1769 1900 1836 proximi

54 1839 244 1909 proelii
270 1839 520 1891 conflictu
552 1841 628 1890 sic
655 1857 769 1891 esse
794 1846 1102 1908 prostratos,
1141 1846 1199 1889 ut
1222 1838 1323 1888 nisi
1350 1837 1413 1889 de
1440 1838 1683 1906 gentibus
1710 1838 1900 1888 exteris

56 1927 304 1978 agrorum
343 1909 569 1961 cultores
618 1907 942 1975 advenirent,
982 1908 1251 1960 Saxonica
1287 1906 1437 1959 tellus
1475 1909 1528 1958 in
1567 1907 1900 1958 solitudinem

55 1997 211 2031 versa
263 1978 446 2032 bestiis
506 1978 832 2031 silvestribus
887 1977 1175 2030 habitanda
1222 1985 1529 2028 remaneret.
1626 1978 1799 2045 Igitur
1844 1986 1900 2026 ut

56 2047 203 2100 illam
256 2059 450 2101 terram
505 2049 708 2101 cunctis
762 2050 976 2118 frugum
1023 2047 1306 2117 generibus
1365 2047 1666 2116 opulentam
1724 2063 1899 2097 secum

56 2118 250 2171 vellent
285 2120 480 2172 intrare
518 2119 740 2188 rogavit,
778 2120 1018 2188 ipsisque
1059 2117 1199 2187 quod
1235 2115 1433 2167 nullum
1473 2118 1561 2186 qui
1599 2117 1671 2167 eis
1709 2116 1900 2166 intran-

56 2189 199 2242 tibus
237 2189 498 2242 obstaret*
535 2190 848 2255 invenirent,
883 2187 1108 2240 fideliter
1146 2187 1443 2256 spopondit.
1517 2185 1672 2251 Quod
1711 2193 1767 2235 ut
1803 2183 1900 2234 illis

57 2259 206 2311 fieret
243 2258 508 2325 credibile,
547 2257 817 2310 simulatos
855 2259 1067 2309 nuntios
1103 2257 1227 2309 fecit
1251 2256 1535 2325 procedere
1574 2274 1691 2306 cum
1728 2254 1901 2305 verbis

59 2330 384 2397 compositiS,
442 2329 532 2399 qui
581 2330 783 2380 cunctis
828 2326 1166 2379 audientibus
1208 2328 1338 2394 regi,
1395 2328 1528 2377 sicut
1564 2334 1710 2377 erant
1746 2324 1900 2386 docti,

58 2398 309 2450 dicebant
346 2419 414 2452 ex
448 2417 678 2468 persona
715 2398 862 2450 ducis
902 2398 1112 2450 Ottonis
1151 2405 1201 2448 et
1237 2396 1547 2447 Herimanni
1585 2394 1805 2459 comitis,
1848 2411 1901 2443 se

59 2468 198 2520 solos
237 2488 305 2521 ex
328 2468 510 2522 liberis
535 2468 855 2534 hominibus,
896 2467 1140 2520 omnibus
1167 2465 1282 2517 aliis
1314 2467 1368 2516 in
1393 2465 1676 2515 novissimo
1702 2461 1900 2533 proelio

59 2538 365 2603 interfectiS,
421 2537 677 2590 beneficio
724 2538 881 2608 fugae
929 2541 984 2589 in
1024 2537 1257 2589 Saxonia
1293 2534 1516 2599 relictos,
1572 2551 1709 2584 nunc
1748 2532 1900 2582 nimis

64 2626 180 2660 sero
235 2609 530 2678 poenitere,
585 2608 729 2678 quod
781 2627 1015 2678 unquam
1061 2605 1397 2658 multitudine
1448 2621 1660 2654 suorum
1718 2601 1901 2653 contisi

57 2679 541 2748 praesumpsissent
575 2679 753 2747 regiae
779 2679 1025 2748 potestati
1051 2678 1319 2741 resistere,
1359 2693 1414 2725 se
1440 2674 1577 2742 regis
1604 2672 1900 2733 adventum,

61 2766 165 2818 quo
202 2756 372 2800 terrae
411 2748 559 2801 daret
606 2748 850 2814 cultores,
899 2746 1163 2798 humiliter
1208 2754 1511 2813 expectare3
1562 2760 1615 2793 se
1663 2740 1761 2792 sibi
1799 2757 1901 2790 non

59 2817 329 2885 honorem,
367 2837 473 2869 non
510 2817 825 2885 libertatem,
865 2817 957 2869 sed
995 2816 1157 2868 solam
1193 2816 1372 2879 vitam,
1412 2812 1648 2882 quamvis
1685 2811 1769 2861 vel
1806 2809 1902 2859 hac

61 2897 237 2941 essent
273 2888 494 2958 indigni,
533 2887 815 2957 postulare.
890 2885 1097 2953 Quibus
1133 2884 1325 2948 verbis,
1364 2884 1497 2934 sicut
1534 2883 1645 2951 ipse
1684 2878 1901 2930 callidus

60 2958 366 3024 dictaverat,
412 2958 686 3028 peroratiS,
733 2957 810 3008 illi
859 2959 950 3027 qui
986 2955 1116 3007 haec
1152 2952 1365 3005 credula
1412 2952 1567 3002 nimis
1616 2967 1740 3000 aure
1785 2965 1899 3017 per-

61 3037 336 3098 ceperant,
399 3029 544 3079 inani
589 3047 683 3097 spe
739 3029 847 3079 iam
894 3035 1059 3078 totam
1112 3024 1399 3076 Saxoniam
1447 3020 1797 3090 possidebant,
1854 3025 1903 3068 et

63 3099 214 3166 quasi
238 3099 345 3150 iam
369 3097 721 3168 possidenteS,
757 3097 903 3148 inani
941 3114 1034 3165 spe
1068 3094 1290 3162 decepti,
1328 3092 1502 3142 animo
1529 3088 1899 3142 tumescebant.

59 3168 198 3220 Tota
231 3169 393 3238 igitur
427 3168 778 3234 festinatione,
817 3184 921 3235 quo
961 3183 1080 3234 spes
1120 3182 1208 3214 eos
1247 3160 1500 3226 trahebat,
1538 3158 1686 3227 sequi
1716 3174 1900 3226 prope-

60 3239 272 3305 rabant3
332 3255 431 3289 nec
480 3238 773 3289 exercitum
809 3235 964 3287 valde
1011 3239 1300 3302 magnuma
1358 3248 1469 3282 esse
1525 3225 1782 3289 volebant,
1837 3242 1900 3274 ne

62 3306 255 3377 singuli
293 3325 354 3359 eo
391 3307 566 3358 minus
603 3305 742 3357 illius
779 3304 1008 3374 regionis
1045 3303 1359 3371 acciperent,
1407 3316 1508 3368 quo
1547 3296 1722 3366 plures
1760 3292 1900 3344 illam

60 3428 99 3472 a)
127 3431 179 3463 ita
207 3432 247 3471 23
274 3432 474 3470 indignum
504 3433 534 3465 l.

1912 325 1998 359 Aua-1,
2016 325 2046 355 7,

1919 1505 1974 1536 Oct
1981 1528 1988 1535 .

1920 2189 1970 2230 *μ
1987 2192 2065 2223 369.
