2204 3765
251 113 305 152 92
733 112 930 153 BRUNO
963 112 1043 150 DE
1077 112 1272 151 BELLO
1307 112 1618 153 SAXONICO.
1858 99 1863 103 .
2178 98 2193 157 ἵ

124 248 468 301 10⁷9.valeant
503 249 788 301 inclinare.
875 249 1062 300 Verum
1100 251 1234 317 quia
1273 251 1397 301 hinc
1435 251 1561 301 inde
1599 259 1645 300 et
1681 252 1933 303 Romana
1970 271 2098 322 qra-
2168 251 2194 324 ιζ

252 321 390 370 vitas
427 326 473 370 et
499 319 801 386 apostolica
825 319 1180 369 mansuetudo
1207 338 1285 369 me
1303 337 1409 385 per
1432 319 1663 371 mediam
1687 322 1928 373 iustitiae
1956 323 2102 373 viam
2179 325 2184 378 ’ζ

249 388 492 440 incedere
530 390 686 456 coyit,
739 387 983 438 omnibus
1037 387 1230 456 quibus
1261 407 1483 455 possum
1533 390 1705 440 modis
1755 390 1850 441 hoc
1901 399 2103 458 oportet
2182 398 2204 466 j

254 458 542 517 intendere,
592 456 853 525 quomodo
903 476 1083 508 reram
1135 477 1168 507 a
1200 457 1364 524 falsa
1406 459 1685 523 iustitiam,
1729 459 2029 526 perfectam
2066 478 2102 510 a
2178 467 2193 529 ,ᾗ

236 527 374 593 ficta
413 526 782 590 obedientiam,
821 527 1026 577 iudicio
1064 530 1243 578 sancti
1269 526 1513 594 Spiritus
1540 527 1746 578 valeam
1784 529 2102 595 discernere,
2165 532 2195 622 J,

250 604 296 647 et
332 603 450 645 rato
503 595 692 646 ordine
743 596 816 646 ad
839 595 1009 660 finem
1059 615 1225 665 usque
1262 597 1577 663 perducere.
1653 598 1802 648 Haec
1852 606 2009 650 veroa
2057 605 2106 650 et
2175 609 2195 662 ντζ

250 664 381 728 alia,
435 666 483 714 si
520 666 771 731 propitio
809 665 925 715 Deo
977 665 1050 716 ad
1105 684 1191 716 cos
1239 668 1369 717 sani
1396 668 1727 733 perveniunt
1776 667 1941 736 leyati
1984 669 2104 734 mei,
2165 675 2195 738 2,

250 734 435 784 melius
485 751 646 800 quam
695 734 794 784 liae
831 733 1039 785 litterae
1092 737 1213 786 viva
1250 754 1372 786 voce
1410 736 1834 801 testificabuntur
1870 745 1916 788 et
1953 738 2128 789 doce-'
2163 763 2197 784 π

247 804 378 854 bunt
401 812 435 852 ¹.

390 872 504 923 120.
578 871 711 923 Item
751 870 975 923 domnus
1025 871 1347 941 apostolicus
1394 874 1507 942 regi
1552 873 1844 926 Rodulf02:
1902 873 2103 945 Greyo-
2173 912 2196 928 ,ψ

245 943 363 992 rius
401 944 688 1010 episcopus
728 960 913 994 servus
951 961 1221 994 servorum
1248 944 1370 1006 Dei,
1409 943 1652 1012 Rodulfo
1690 947 1811 1015 reyi
1835 945 2103 997 omnibus·
2164 958 2198 1004 ''.·

247 1031 344 1080 que
383 1030 559 1062 secum
585 1014 644 1062 in
671 1030 835 1080 reyno
864 1011 1146 1064 Saoeonum
1185 1014 1654 1080 commanentibuS,
1692 1022 1802 1066 tam
1836 1016 2107 1083 episcopis
2170 1040 2196 1087 3

246 1100 408 1150 quam
447 1081 674 1133 ducibus
714 1089 759 1131 et
797 1082 1088 1148 comitibuS,
1129 1102 1222 1134 nec
1258 1103 1367 1134 non
1392 1084 1694 1135 maioribus
1719 1091 1765 1135 et
1788 1084 2133 1150 minoribus,
2167 1084 2197 1156 >3

237 1158 587 1218 peccatorum
616 1151 996 1203 absolutionem
1026 1160 1072 1204 et
1099 1153 1450 1220 apostolicam
1479 1153 1906 1206 benedictionem.
1974 1153 2105 1208 Cum
2183 1205 2191 1219 ,

261 1221 466 1271 Veritas
504 1224 632 1288 ipsa
670 1222 834 1286 dicat,
885 1224 1124 1273 omnium
1165 1224 1259 1291 qui
1288 1231 1517 1290 propter
1553 1224 1818 1275 iustitiam
1847 1242 2101 1292 persecu·
2175 1221 2178 1227 ’

245 1292 440 1342 tionem,
457 1292 773 1358 patiuntur,
813 1310 1040 1359 regnum
1078 1310 1186 1342 esse
1214 1292 1489 1357 coelorum,
1529 1300 1575 1343 et
1602 1294 1875 1361 apostolus
1901 1291 2103 1360 clamet,

249 1361 507 1410 neminem
548 1361 656 1410 nisi
694 1361 789 1427 qui
823 1360 1054 1428 legitime
1090 1363 1370 1412 certaverit
1398 1380 1560 1428 posse
1599 1364 1885 1414 coronari:
1924 1363 2103 1429 nolite,

229 1428 347 1495 filii
383 1432 501 1493 mei,
540 1431 599 1480 in
639 1429 751 1494 hoc,
791 1433 887 1496 qui
924 1449 1015 1482 vos
1043 1432 1151 1482 iam
1177 1431 1338 1482 multo
1365 1439 1595 1499 tempore
1621 1434 1882 1501 eoeayitat,
1921 1432 2103 1484 bellico
2170 1432 2198 1506 '5

226 1499 430 1567 furore
457 1498 704 1565 deficere;
733 1499 894 1550 nolite
912 1518 1019 1567 per
1044 1500 1236 1551 ultiusb
1246 1499 1503 1568 fallentis
1518 1520 1792 1570 personae
1817 1502 2105 1554 mendacia
2163 1509 2190 1565 “fi

243 1570 307 1620 de
344 1578 525 1620 nostro
549 1567 709 1634 fideli
748 1569 1024 1620 adiutorio
1064 1570 1330 1637 dubitare,
1371 1571 1462 1621 sed
1493 1572 1672 1640 magis
1695 1574 1975 1641 maqisque
1992 1591 2103 1640 pro
2165 1581 2188 1637 ξι

243 1638 447 1690 tuenda
483 1640 704 1689 veritate
742 1639 1118 1706 ecclesiastica,
1159 1658 1268 1707 pro
1318 1641 1658 1709 defendenda
1706 1650 1911 1694 vestrae
1949 1642 2100 1693 nobi·
2165 1627 2190 1709 3¹³

243 1708 450 1759 litatis⁰
488 1709 742 1774 libertate,
780 1709 957 1761 labori
993 1711 1105 1761 iam
1144 1711 1302 1761 citius
1325 1711 1578 1776 finiendo
1616 1712 1919 1776 incumbite,
1958 1719 2006 1763 et
2038 1729 2103 1763 eae

245 1779 470 1829 adverso
511 1779 846 1831 ascendendo
886 1799 979 1830 vos
1017 1787 1063 1831 et
1101 1799 1334 1848 corpora
1372 1789 1547 1832 cestra
1575 1783 1736 1849 quasi
1759 1800 1973 1833 murum
1992 1800 2103 1850 pro

244 1849 396 1900 domo
424 1848 597 1899 Israel
636 1867 905 1916 opponere
943 1852 1194 1918 satagite.
1274 1849 1421 1910 Quid
1445 1852 1556 1902 iam
1580 1853 1641 1902 in
1667 1852 1880 1903 duabus
1906 1851 2104 1920 synodi

243 1926 460 1970 nostrae
497 1920 936 1971 conventionibus
977 1920 1040 1970 de
1077 1939 1199 1989 rege
1239 1919 1480 1988 Hodulfo
1520 1928 1566 1970 et
1602 1921 1665 1972 de
1692 1921 1953 1973 Heinrico
1990 1929 2099 1972 sta—

243 1996 429 2053 tutum,
478 1990 713 2057 quidque
766 1990 841 2041 ibi
888 1990 951 2040 de
989 2008 1131 2057 pace
1176 1999 1221 2041 et
1259 1991 1553 2042 concordia
1590 1993 1750 2059 reyni
1786 1993 1945 2043 etiam
1983 2010 2102 2043 cum

241 2059 561 2109 iuramentis
599 2060 668 2109 sit
705 2058 1022 2126 diffinitum,
1053 2078 1158 2127 per
1195 2069 1410 2112 nostras
1436 2060 1643 2112 litteras
1667 2068 1714 2111 et
1730 2079 1836 2129 per
1869 2061 2101 2113 vestrosd

242 2211 278 2247 a)
307 2209 396 2238 dees:
428 2209 458 2242 2,
563 2209 600 2248 b)
630 2209 737 2239 illius
768 2210 798 2241 2.
904 2208 936 2250 c)
964 2210 1014 2239 ita
1042 2210 1074 2241 2.
1111 2210 1198 2248 Ua,
1227 2210 1434 2241 voluntatis
1467 2213 1496 2243 1.
1601 2208 1637 2251 d)
1667 2214 1816 2243 nostros
1849 2212 1913 2244 Ue.

2183 2370 2186 2379 —
2162 1739 2201 2284 εε,.ι.·..,ἑῖσ.;ςε;.ιτ3;ἡιὸἐυω
2197 1719 2201 1726 Α

244 2332 288 2385 1)
326 2332 467 2374 Codex
507 2333 784 2375 Treverensis
817 2333 923 2375 haec
956 2334 1104 2374 addit:
1148 2335 1330 2376 ‘Audivi
1362 2335 1538 2388 quidem
1573 2350 1599 2375 a
1632 2336 1771 2390 Zeyato
1804 2350 1894 2377 meo
1926 2336 1983 2376 B.
2014 2350 2101 2378 me-

241 2395 440 2447 tropolim
484 2395 905 2449 jsaqqdeburqensem
954 2395 1043 2435 iam
1092 2395 1172 2436 diu
1213 2410 1302 2437 6336
1345 2396 1574 2436 viduatam
1626 2405 1663 2437 et
1707 2397 1853 2438 adhuc
1887 2411 2102 2450 perversa

241 2455 520 2508 quorundam
544 2456 826 2507 contentione,
860 2469 914 2496 ne
937 2456 1195 2508 desponsari
1209 2458 1364 2510 possit,
1381 2456 1531 2509 fuisse
1555 2458 1789 2499 turbatam.
1853 2457 1938 2498 His
1960 2459 2101 2500 modis
2165 2453 2190 2483 '²⁹

241 2516 438 2557 omnibus
472 2531 523 2557 esc
548 2524 784 2569 praecepto
819 2516 906 2556 Dei
939 2517 1241 2570 omnipotentis
1276 2523 1314 2560 et
1346 2518 1488 2559 sancti
1518 2518 1642 2559 Petri
1674 2525 1712 2559 et
1743 2533 1834 2560 meo
1876 2533 1930 2560 ne
1967 2533 2099 2572 prae-

241 2578 419 2619 valeant
450 2577 648 2628 resistite,
691 2583 729 2618 et
761 2577 914 2617 domus
947 2578 1034 2618 Dei
1065 2578 1246 2633 dignum
1279 2580 1620 2633 dispensatorem
1647 2594 1733 2632 per
1776 2580 1933 2621 ostium
1963 2579 2100 2622 intro·
2163 2621 2166 2626 ,

240 2639 413 2688 ducere,
450 2652 544 2678 eum
578 2639 791 2678 communi
824 2637 1014 2678 omnium
1047 2641 1347 2695 religiosorum
1391 2647 1479 2681 tam
1513 2639 1935 2694 archiepiscoporum
1966 2655 2100 2694 quam

241 2699 555 2752 episcoporum,
588 2713 752 2740 necnon
785 2700 915 2740 etiam
950 2699 1200 2742 clericorum
1242 2708 1279 2742 et
1318 2702 1528 2742 laicorum
1573 2716 1782 2742 consensu
1828 2709 1868 2742 et
1898 2701 2099 2744 electione

234 2767 484 2812 procurate.
555 2759 680 2809 Quod
720 2761 758 2801 si
788 2761 892 2801 meis
926 2762 1054 2801 vultis
1089 2761 1367 2815 adquiescere
1402 2761 1606 2813 consi-liis,
1653 2763 1787 2803 audio
1830 2761 1943 2803 enim
1985 2763 2098 2804 inter
2160 2766 2167 2794 ἶ·

242 2835 313 2861 vos
348 2835 436 2861 esse
471 2821 683 2873 quosdam
706 2822 807 2862 boni
830 2821 1061 2862 testimonii
1094 2824 1224 2874 viros,
1258 2824 1312 2863 A.
1334 2819 1502 2864 'scilicet
1528 2823 1846 2864 Goslariensem
1869 2824 2099 2876 decanum,

243 2881 292 2922 G.
327 2881 534 2922 Bertaldi
566 2882 689 2922 ducis
710 2883 871 2935 filium,
904 2882 967 2922 H.
1002 2882 1209 2937 Siqifridi
1241 2885 1403 2925 comitis
1424 2883 1584 2937 fllium,
1635 2898 1819 2937 quorum
1865 2898 2001 2924 unum
2032 2898 2099 2926 me

232 2943 533 2994 praecipiente
568 2950 604 2983 et
639 2943 926 2983 consentiente
959 2944 1113 2998 etiyite,
1160 2953 1198 2986 et
1239 2946 1286 2985 in
1331 2944 1704 2998 archiepiscopum
1730 2946 2098 2997 praenominatae

240 3003 443 3044 ecclesiae
477 3003 691 3044 ordinate.
757 3003 807 3044 Si
838 3018 939 3045 vero
973 3005 1017 3044 in
1053 3006 1118 3046 his
1152 3006 1289 3046 tribus
1322 3005 1398 3059 qui
1431 3007 1588 3059 dignus
1630 3005 1684 3046 sit
1723 3021 1811 3047 non
1839 3006 1999 3059 poterit
2028 3007 2098 3047 in·
2151 3022 2154 3026 ·

239 3063 396 3114 veniri,
430 3063 477 3103 in
510 3063 762 3104 contritione
795 3064 938 3104 cordis
971 3067 1141 3107 orando
1174 3074 1212 3107 et
1244 3066 1485 3107 ieiunando
1519 3067 1579 3106 ad
1608 3065 1750 3106 Deum
1784 3066 2096 3119 convertimini,
2142 3064 2151 3074 ⁸

239 3132 441 3178 rogantes
475 3132 521 3163 ut
554 3139 637 3164 sua
668 3126 888 3165 revelante
917 3127 1064 3179 qratia
1095 3141 1302 3179 persona,
1347 3141 1458 3180 quae
1499 3127 1599 3168 huic
1637 3128 1805 3181 neqotio
1848 3128 1902 3168 sit
1944 3142 2095 3170 conve·
2148 3119 2151 3127 ’

239 3185 376 3235 niens,
403 3186 544 3237 possit
577 3187 756 3226 ostendi.
822 3186 919 3226 Hoc
953 3189 1117 3239 procul
1155 3187 1286 3228 dubio
1321 3188 1513 3239 scientes,
1559 3187 1665 3240 quia
1703 3189 1813 3229 sicut
1853 3189 1976 3229 illum
2018 3190 2095 3242 qui

240 3246 404 3286 ambitu
428 3247 666 3286 saecularis
677 3245 900 3299 potentiae
917 3247 1166 3289 inordinate
1183 3249 1427 3300 intraverit,
1451 3250 1623 3290 vinculo
1643 3248 2096 3291 excommunicationis

239 3306 442 3360 alligabo,
475 3306 539 3346 ita
571 3321 739 3360 quoque
772 3322 868 3348 eum
901 3309 977 3361 qui
1009 3311 1213 3350 canonice
1244 3309 1536 3351 intronizatus
1556 3311 1716 3364 fuerit,
1752 3325 1780 3350 a
1803 3309 1996 3363 peccatis
2019 3310 2094 3350 ab·

236 3367 354 3409 solvo
388 3375 425 3408 et
458 3369 696 3420 apostolica
729 3369 1020 3411 benedictione
1043 3369 1269 3411 benedico'.
1324 3371 1377 3411 P.
1505 3369 1551 3424 2)
1584 3371 1707 3412 Haec
1728 3371 1856 3412 etiam
1877 3371 1925 3411 in
1950 3371 2096 3412 codice

223 3427 440 3468 .Udalrici
471 3427 640 3483 Zeyitur.
713 3430 770 3470 W.
2136 3430 2139 3434 ’
