<?xml version="1.0" encoding="UTF-8"?>
<!DOCTYPE html PUBLIC "-//W3C//DTD XHTML 1.0 Transitional//EN"
    "http://www.w3.org/TR/xhtml1/DTD/xhtml1-transitional.dtd">
<html xmlns="http://www.w3.org/1999/xhtml" xml:lang="en" lang="en">
 <head>
  <title>
</title>
<meta http-equiv="Content-Type" content="text/html;charset=utf-8" />
  <meta name='ocr-system' content='tesseract 3.04.00' />
  <meta name='ocr-capabilities' content='ocr_page ocr_carea ocr_par ocr_line ocrx_word'/>
</head>
<body>
  <div class='ocr_page' id='page_1' title='image "./brunonisdebellos00brunuoft/brunonisdebellos00brunuoft_0038.png"; bbox 0 0 2204 3765; ppageno 0'>
   <div class='ocr_carea' id='block_1_1' title="bbox 282 91 1648 134">
    <p class='ocr_par' dir='ltr' id='par_1_1' title="bbox 282 91 1648 134">
     <span class='ocr_line' id='line_1_1' title="bbox 282 91 1648 134; baseline 0.002 -3"><span class='ocrx_word' id='word_1_1' title='bbox 282 93 337 131; x_wconf 79' lang='lat'>26</span> <span class='ocrx_word' id='word_1_2' title='bbox 748 93 948 133; x_wconf 83' lang='lat' dir='ltr'>BRUNO</span> <span class='ocrx_word' id='word_1_3' title='bbox 982 93 1064 131; x_wconf 89' lang='lat' dir='ltr'>DE</span> <span class='ocrx_word' id='word_1_4' title='bbox 1097 91 1296 131; x_wconf 89' lang='lat' dir='ltr'><strong>BELLO</strong></span> <span class='ocrx_word' id='word_1_5' title='bbox 1332 92 1648 134; x_wconf 86' lang='lat' dir='ltr'>SAXONICO.</span> 
     </span>
    </p>
   </div>
   <div class='ocr_carea' id='block_1_2' title="bbox 156 227 2131 2944">
    <p class='ocr_par' dir='ltr' id='par_1_2' title="bbox 156 227 2131 1898">
     <span class='ocr_line' id='line_1_2' title="bbox 156 227 2120 296; baseline 0.001 -15"><span class='ocrx_word' id='word_1_6' title='bbox 156 244 260 275; x_wconf 80' lang='lat'><strong>10⁷4·</strong></span> <span class='ocrx_word' id='word_1_7' title='bbox 278 232 491 282; x_wconf 86' lang='lat' dir='ltr'>tuimus.</span> <span class='ocrx_word' id='word_1_8' title='bbox 542 229 699 295; x_wconf 78' lang='lat' dir='ltr'>Quod</span> <span class='ocrx_word' id='word_1_9' title='bbox 720 230 929 281; x_wconf 90' lang='lat' dir='ltr'>enimin</span> <span class='ocrx_word' id='word_1_10' title='bbox 958 227 1438 296; x_wconf 87' lang='lat' dir='ltr'>Magedaburgensi</span> <span class='ocrx_word' id='word_1_11' title='bbox 1463 237 1613 296; x_wconf 90' lang='lat' dir='ltr'>prato</span> <span class='ocrx_word' id='word_1_12' title='bbox 1640 230 1869 281; x_wconf 87' lang='lat' dir='ltr'>vidimus</span> <span class='ocrx_word' id='word_1_13' title='bbox 1903 239 2120 282; x_wconf 76' lang='lat' dir='ltr'>corvosa</span> 
     </span>
     <span class='ocr_line' id='line_1_3' title="bbox 278 297 2122 365; baseline -0.001 -13"><span class='ocrx_word' id='word_1_14' title='bbox 278 309 386 352; x_wconf 87' lang='lat' dir='ltr'>tam</span> <span class='ocrx_word' id='word_1_15' title='bbox 424 300 612 351; x_wconf 83' lang='lat' dir='ltr'>aeriter</span> <span class='ocrx_word' id='word_1_16' title='bbox 649 301 783 349; x_wconf 88' lang='lat' dir='ltr'>inter</span> <span class='ocrx_word' id='word_1_17' title='bbox 821 316 875 348; x_wconf 90' lang='lat' dir='ltr'>se</span> <span class='ocrx_word' id='word_1_18' title='bbox 907 305 1218 365; x_wconf 79' lang='lat' dir='ltr'>pugnantes,</span> <span class='ocrx_word' id='word_1_19' title='bbox 1259 306 1316 348; x_wconf 93' lang='lat' dir='ltr'>ut</span> <span class='ocrx_word' id='word_1_20' title='bbox 1341 297 1428 347; x_wconf 89' lang='lat' dir='ltr'>alii</span> <span class='ocrx_word' id='word_1_21' title='bbox 1452 297 1579 349; x_wconf 89' lang='lat' dir='ltr'>alios</span> <span class='ocrx_word' id='word_1_22' title='bbox 1605 299 1775 350; x_wconf 91' lang='lat' dir='ltr'>iacere</span> <span class='ocrx_word' id='word_1_23' title='bbox 1801 299 2122 352; x_wconf 82' lang='lat' dir='ltr'><strong>dimitterent</strong></span> 
     </span>
     <span class='ocr_line' id='line_1_4' title="bbox 279 366 2120 436; baseline -0.001 -15"><span class='ocrx_word' id='word_1_24' title='bbox 279 370 574 433; x_wconf 78' lang='lat' dir='ltr'>exanimes,</span> <span class='ocrx_word' id='word_1_25' title='bbox 622 385 833 417; x_wconf 88' lang='lat' dir='ltr'>narrare</span> <span class='ocrx_word' id='word_1_26' title='bbox 882 366 1226 435; x_wconf 74' lang='lat' dir='ltr'>supersedeo,</span> <span class='ocrx_word' id='word_1_27' title='bbox 1275 368 1398 436; x_wconf 83' lang='lat' dir='ltr'>quia</span> <span class='ocrx_word' id='word_1_28' title='bbox 1454 369 1737 418; x_wconf 81' lang='lat' dir='ltr'>sacratiora</span> <span class='ocrx_word' id='word_1_29' title='bbox 1790 387 1894 419; x_wconf 91' lang='lat' dir='ltr'>non</span> <span class='ocrx_word' id='word_1_30' title='bbox 1948 370 2120 420; x_wconf 90' lang='lat' dir='ltr'>minus</span> 
     </span>
     <span class='ocr_line' id='line_1_5' title="bbox 278 435 2123 505; baseline 0 -16"><span class='ocrx_word' id='word_1_31' title='bbox 278 439 570 490; x_wconf 89' lang='lat' dir='ltr'>futurorum</span> <span class='ocrx_word' id='word_1_32' title='bbox 597 453 855 505; x_wconf 86' lang='lat' dir='ltr'>praesaga</span> <span class='ocrx_word' id='word_1_33' title='bbox 879 436 1141 486; x_wconf 85' lang='lat' dir='ltr'>narranda</span> <span class='ocrx_word' id='word_1_34' title='bbox 1166 435 1350 487; x_wconf 90' lang='lat' dir='ltr'>habeo.</span> <span class='ocrx_word' id='word_1_35' title='bbox 1413 435 1800 505; x_wconf 90' lang='lat' dir='ltr'>Episcoporum</span> <span class='ocrx_word' id='word_1_36' title='bbox 1829 445 2123 489; x_wconf 89' lang='lat' dir='ltr'>nostrorum</span> 
     </span>
     <span class='ocr_line' id='line_1_6' title="bbox 279 505 2123 575; baseline 0.001 -17"><span class='ocrx_word' id='word_1_37' title='bbox 279 510 457 575; x_wconf 82' lang='lat' dir='ltr'>virgae</span> <span class='ocrx_word' id='word_1_38' title='bbox 496 505 800 575; x_wconf 84' lang='lat' dir='ltr'>pastorales,</span> <span class='ocrx_word' id='word_1_39' title='bbox 840 523 958 556; x_wconf 88' lang='lat' dir='ltr'>aere</span> <span class='ocrx_word' id='word_1_40' title='bbox 997 524 1197 569; x_wconf 89' lang='lat' dir='ltr'>sereno,</span> <span class='ocrx_word' id='word_1_41' title='bbox 1235 506 1430 555; x_wconf 81' lang='lat' dir='ltr'>nimiob</span> <span class='ocrx_word' id='word_1_42' title='bbox 1471 506 1669 557; x_wconf 82' lang='lat' dir='ltr'>aestivo</span> <span class='ocrx_word' id='word_1_43' title='bbox 1697 505 1866 558; x_wconf 92' lang='lat' dir='ltr'>calore</span> <span class='ocrx_word' id='word_1_44' title='bbox 1891 516 2123 575; x_wconf 87' lang='lat' dir='ltr'>perustO,</span> 
     </span>
     <span class='ocr_line' id='line_1_7' title="bbox 280 574 2123 643; baseline 0.001 -17"><span class='ocrx_word' id='word_1_45' title='bbox 280 586 474 627; x_wconf 86' lang='lat' dir='ltr'>stantes</span> <span class='ocrx_word' id='word_1_46' title='bbox 513 577 564 625; x_wconf 90' lang='lat' dir='ltr'>in</span> <span class='ocrx_word' id='word_1_47' title='bbox 592 574 805 643; x_wconf 86' lang='lat' dir='ltr'>capellis</span> <span class='ocrx_word' id='word_1_48' title='bbox 831 575 901 625; x_wconf 90' lang='lat' dir='ltr'>ita</span> <span class='ocrx_word' id='word_1_49' title='bbox 928 574 1316 640; x_wconf 81' lang='lat' dir='ltr'>madescebant,</span> <span class='ocrx_word' id='word_1_50' title='bbox 1354 585 1412 626; x_wconf 86' lang='lat' dir='ltr'>ut</span> <span class='ocrx_word' id='word_1_51' title='bbox 1437 593 1576 643; x_wconf 91' lang='lat' dir='ltr'>aqua</span> <span class='ocrx_word' id='word_1_52' title='bbox 1614 594 1709 626; x_wconf 92' lang='lat' dir='ltr'>sua</span> <span class='ocrx_word' id='word_1_53' title='bbox 1735 593 1948 626; x_wconf 87' lang='lat' dir='ltr'>manum</span> <span class='ocrx_word' id='word_1_54' title='bbox 1973 594 2123 628; x_wconf 86' lang='lat' dir='ltr'>suam</span> 
     </span>
     <span class='ocr_line' id='line_1_8' title="bbox 278 644 2124 714; baseline 0.001 -19"><span class='ocrx_word' id='word_1_55' title='bbox 278 645 572 714; x_wconf 81' lang='lat' dir='ltr'>implerent,</span> <span class='ocrx_word' id='word_1_56' title='bbox 626 646 667 694; x_wconf 90' lang='lat' dir='ltr'>si</span> <span class='ocrx_word' id='word_1_57' title='bbox 717 645 833 713; x_wconf 87' lang='lat' dir='ltr'>quis</span> <span class='ocrx_word' id='word_1_58' title='bbox 884 661 970 694; x_wconf 83' lang='lat' dir='ltr'>eas</span> <span class='ocrx_word' id='word_1_59' title='bbox 1018 644 1366 713; x_wconf 75' lang='lat' dir='ltr'>accipiebatc.</span> <span class='ocrx_word' id='word_1_60' title='bbox 1457 644 1519 694; x_wconf 90' lang='lat' dir='ltr'>In</span> <span class='ocrx_word' id='word_1_61' title='bbox 1577 644 1954 713; x_wconf 83' lang='lat' dir='ltr'>Stidaraburgl</span> <span class='ocrx_word' id='word_1_62' title='bbox 2013 653 2124 698; x_wconf 89' lang='lat' dir='ltr'>erat</span> 
     </span>
     <span class='ocr_line' id='line_1_9' title="bbox 277 713 2123 783; baseline 0 -18"><span class='ocrx_word' id='word_1_63' title='bbox 277 715 453 783; x_wconf 83' lang='lat' dir='ltr'>lignea</span> <span class='ocrx_word' id='word_1_64' title='bbox 493 713 687 765; x_wconf 84' lang='lat' dir='ltr'>Christi</span> <span class='ocrx_word' id='word_1_65' title='bbox 737 715 789 763; x_wconf 91' lang='lat' dir='ltr'>in</span> <span class='ocrx_word' id='word_1_66' title='bbox 837 731 990 764; x_wconf 85' lang='lat' dir='ltr'>eruce</span> <span class='ocrx_word' id='word_1_67' title='bbox 1039 713 1316 781; x_wconf 89' lang='lat' dir='ltr'>pendentis</span> <span class='ocrx_word' id='word_1_68' title='bbox 1354 715 1546 782; x_wconf 89' lang='lat' dir='ltr'>imago,</span> <span class='ocrx_word' id='word_1_69' title='bbox 1599 731 1733 782; x_wconf 91' lang='lat' dir='ltr'>quae</span> <span class='ocrx_word' id='word_1_70' title='bbox 1772 713 1957 766; x_wconf 87' lang='lat' dir='ltr'>eodem</span> <span class='ocrx_word' id='word_1_71' title='bbox 1995 723 2123 766; x_wconf 89' lang='lat' dir='ltr'>tem-</span> 
     </span>
     <span class='ocr_line' id='line_1_10' title="bbox 277 782 2124 853; baseline 0 -18"><span class='ocrx_word' id='word_1_72' title='bbox 277 803 406 853; x_wconf 88' lang='lat' dir='ltr'>pore</span> <span class='ocrx_word' id='word_1_73' title='bbox 444 793 586 834; x_wconf 88' lang='lat' dir='ltr'>tanto</span> <span class='ocrx_word' id='word_1_74' title='bbox 626 783 832 833; x_wconf 88' lang='lat' dir='ltr'>sudoris</span> <span class='ocrx_word' id='word_1_75' title='bbox 871 783 922 832; x_wconf 90' lang='lat' dir='ltr'>in</span> <span class='ocrx_word' id='word_1_76' title='bbox 961 784 1172 834; x_wconf 88' lang='lat' dir='ltr'>aestivis</span> <span class='ocrx_word' id='word_1_77' title='bbox 1212 783 1403 834; x_wconf 87' lang='lat' dir='ltr'>diebus</span> <span class='ocrx_word' id='word_1_78' title='bbox 1441 783 1689 834; x_wconf 80' lang='lat' dir='ltr'>manabat</span> <span class='ocrx_word' id='word_1_79' title='bbox 1713 782 1892 850; x_wconf 84' lang='lat' dir='ltr'>fluvio,</span> <span class='ocrx_word' id='word_1_80' title='bbox 1931 791 1990 835; x_wconf 93' lang='lat' dir='ltr'>ut</span> <span class='ocrx_word' id='word_1_81' title='bbox 2025 802 2124 835; x_wconf 90' lang='lat' dir='ltr'>nec</span> 
     </span>
     <span class='ocr_line' id='line_1_11' title="bbox 278 851 2124 922; baseline 0.001 -19"><span class='ocrx_word' id='word_1_82' title='bbox 278 852 544 922; x_wconf 84' lang='lat' dir='ltr'>mappulis</span> <span class='ocrx_word' id='word_1_83' title='bbox 583 861 721 903; x_wconf 90' lang='lat' dir='ltr'>tersa</span> <span class='ocrx_word' id='word_1_84' title='bbox 760 851 947 902; x_wconf 86' lang='lat' dir='ltr'>sudare</span> <span class='ocrx_word' id='word_1_85' title='bbox 986 853 1279 921; x_wconf 75' lang='lat' dir='ltr'>quiesceret</span> <span class='ocrx_word' id='word_1_86' title='bbox 1329 853 1415 903; x_wconf 83' lang='lat' dir='ltr'>etd</span> <span class='ocrx_word' id='word_1_87' title='bbox 1463 851 1677 903; x_wconf 79' lang='lat' dir='ltr'>vascula</span> <span class='ocrx_word' id='word_1_88' title='bbox 1721 851 1971 904; x_wconf 91' lang='lat' dir='ltr'>nonnulla</span> <span class='ocrx_word' id='word_1_89' title='bbox 2016 871 2124 905; x_wconf 89' lang='lat' dir='ltr'>sus-</span> 
     </span>
     <span class='ocr_line' id='line_1_12' title="bbox 279 921 2125 991; baseline 0.001 -18"><span class='ocrx_word' id='word_1_90' title='bbox 279 931 432 991; x_wconf 83' lang='lat' dir='ltr'>cepto</span> <span class='ocrx_word' id='word_1_91' title='bbox 473 922 662 973; x_wconf 84' lang='lat' dir='ltr'>sudore</span> <span class='ocrx_word' id='word_1_92' title='bbox 701 922 957 990; x_wconf 86' lang='lat' dir='ltr'>impleret.</span> <span class='ocrx_word' id='word_1_93' title='bbox 1046 922 1388 973; x_wconf 67' lang='lat' dir='ltr'>VVerinherus</span> <span class='ocrx_word' id='word_1_94' title='bbox 1426 921 1880 990; x_wconf 87' lang='lat' dir='ltr'>Merseburgensis</span> <span class='ocrx_word' id='word_1_95' title='bbox 1927 923 2125 991; x_wconf 89' lang='lat' dir='ltr'>episco-</span> 
     </span>
     <span class='ocr_line' id='line_1_13' title="bbox 276 991 2124 1061; baseline 0.001 -19"><span class='ocrx_word' id='word_1_96' title='bbox 276 1011 375 1061; x_wconf 91' lang='lat' dir='ltr'>pus</span> <span class='ocrx_word' id='word_1_97' title='bbox 413 992 537 1043; x_wconf 91' lang='lat' dir='ltr'>dum</span> <span class='ocrx_word' id='word_1_98' title='bbox 578 1009 727 1042; x_wconf 85' lang='lat' dir='ltr'>sacra</span> <span class='ocrx_word' id='word_1_99' title='bbox 764 992 1043 1041; x_wconf 89' lang='lat' dir='ltr'>missarum</span> <span class='ocrx_word' id='word_1_100' title='bbox 1083 991 1334 1043; x_wconf 89' lang='lat' dir='ltr'>solemnia</span> <span class='ocrx_word' id='word_1_101' title='bbox 1379 991 1667 1043; x_wconf 83' lang='lat' dir='ltr'>celebraret</span> <span class='ocrx_word' id='word_1_102' title='bbox 1705 1000 1755 1044; x_wconf 91' lang='lat' dir='ltr'>et</span> <span class='ocrx_word' id='word_1_103' title='bbox 1791 1009 1934 1044; x_wconf 90' lang='lat' dir='ltr'>more</span> <span class='ocrx_word' id='word_1_104' title='bbox 1972 991 2124 1044; x_wconf 90' lang='lat' dir='ltr'>solito</span> 
     </span>
     <span class='ocr_line' id='line_1_14' title="bbox 277 1060 2126 1130; baseline -0.001 -17"><span class='ocrx_word' id='word_1_105' title='bbox 277 1062 520 1129; x_wconf 88' lang='lat' dir='ltr'>sanguini</span> <span class='ocrx_word' id='word_1_106' title='bbox 548 1061 809 1112; x_wconf 88' lang='lat' dir='ltr'>dominico</span> <span class='ocrx_word' id='word_1_107' title='bbox 837 1070 1040 1130; x_wconf 90' lang='lat' dir='ltr'>partem</span> <span class='ocrx_word' id='word_1_108' title='bbox 1069 1061 1305 1130; x_wconf 89' lang='lat' dir='ltr'>corporis</span> <span class='ocrx_word' id='word_1_109' title='bbox 1335 1060 1530 1113; x_wconf 83' lang='lat' dir='ltr'>Christi</span> <span class='ocrx_word' id='word_1_110' title='bbox 1555 1063 1865 1130; x_wconf 89' lang='lat' dir='ltr'>imponeret,</span> <span class='ocrx_word' id='word_1_111' title='bbox 1903 1061 2126 1113; x_wconf 89' lang='lat' dir='ltr'>fundum</span> 
     </span>
     <span class='ocr_line' id='line_1_15' title="bbox 278 1129 2127 1200; baseline -0.001 -17"><span class='ocrx_word' id='word_1_112' title='bbox 278 1131 454 1183; x_wconf 89' lang='lat' dir='ltr'>calicis</span> <span class='ocrx_word' id='word_1_113' title='bbox 493 1149 615 1200; x_wconf 83' lang='lat' dir='ltr'>pars</span> <span class='ocrx_word' id='word_1_114' title='bbox 654 1130 741 1180; x_wconf 88' lang='lat' dir='ltr'>illa</span> <span class='ocrx_word' id='word_1_115' title='bbox 768 1129 992 1199; x_wconf 86' lang='lat' dir='ltr'>petebat,</span> <span class='ocrx_word' id='word_1_116' title='bbox 1032 1149 1092 1180; x_wconf 89' lang='lat' dir='ltr'>ac</span> <span class='ocrx_word' id='word_1_117' title='bbox 1123 1132 1166 1181; x_wconf 91' lang='lat' dir='ltr'>si</span> <span class='ocrx_word' id='word_1_118' title='bbox 1195 1149 1315 1182; x_wconf 88' lang='lat' dir='ltr'>caro</span> <span class='ocrx_word' id='word_1_119' title='bbox 1345 1129 1540 1182; x_wconf 85' lang='lat' dir='ltr'>Christi</span> <span class='ocrx_word' id='word_1_120' title='bbox 1578 1132 1631 1181; x_wconf 90' lang='lat' dir='ltr'>in</span> <span class='ocrx_word' id='word_1_121' title='bbox 1657 1131 1934 1200; x_wconf 89' lang='lat' dir='ltr'>plumbum</span> <span class='ocrx_word' id='word_1_122' title='bbox 1972 1147 2127 1182; x_wconf 83' lang='lat' dir='ltr'>versa</span> 
     </span>
     <span class='ocr_line' id='line_1_16' title="bbox 275 1200 2127 1269; baseline 0 -18"><span class='ocrx_word' id='word_1_123' title='bbox 275 1201 474 1252; x_wconf 83' lang='lat' dir='ltr'>fuisset.</span> <span class='ocrx_word' id='word_1_124' title='bbox 550 1200 779 1265; x_wconf 79' lang='lat' dir='ltr'>Quidam</span> <span class='ocrx_word' id='word_1_125' title='bbox 817 1201 1093 1269; x_wconf 83' lang='lat' dir='ltr'>presbyter</span> <span class='ocrx_word' id='word_1_126' title='bbox 1131 1201 1182 1251; x_wconf 90' lang='lat' dir='ltr'>in</span> <span class='ocrx_word' id='word_1_127' title='bbox 1222 1201 1533 1269; x_wconf 86' lang='lat' dir='ltr'>episcopatu</span> <span class='ocrx_word' id='word_1_128' title='bbox 1555 1200 2035 1269; x_wconf 82' lang='lat' dir='ltr'>Magedaburgensi</span> <span class='ocrx_word' id='word_1_129' title='bbox 2071 1201 2127 1251; x_wconf 90' lang='lat' dir='ltr'>in</span> 
     </span>
     <span class='ocr_line' id='line_1_17' title="bbox 276 1269 2126 1339; baseline 0.001 -19"><span class='ocrx_word' id='word_1_130' title='bbox 276 1270 399 1321; x_wconf 77' lang='lat' dir='ltr'>villa</span> <span class='ocrx_word' id='word_1_131' title='bbox 438 1269 792 1337; x_wconf 73' lang='lat' dir='ltr'>weddinge2,</span> <span class='ocrx_word' id='word_1_132' title='bbox 842 1271 895 1319; x_wconf 91' lang='lat' dir='ltr'>in</span> <span class='ocrx_word' id='word_1_133' title='bbox 942 1278 1126 1321; x_wconf 89' lang='lat' dir='ltr'>neutra</span> <span class='ocrx_word' id='word_1_134' title='bbox 1172 1278 1319 1338; x_wconf 89' lang='lat' dir='ltr'>parte</span> <span class='ocrx_word' id='word_1_135' title='bbox 1367 1272 1811 1321; x_wconf 71' lang='lat' dir='ltr'>conversationise</span> <span class='ocrx_word' id='word_1_136' title='bbox 1862 1270 2126 1339; x_wconf 88' lang='lat' dir='ltr'>egregius,</span> 
     </span>
     <span class='ocr_line' id='line_1_18' title="bbox 279 1337 2126 1409; baseline 0 -19"><span class='ocrx_word' id='word_1_137' title='bbox 279 1342 365 1409; x_wconf 91' lang='lat' dir='ltr'>qui</span> <span class='ocrx_word' id='word_1_138' title='bbox 406 1358 502 1391; x_wconf 87' lang='lat' dir='ltr'>nec</span> <span class='ocrx_word' id='word_1_139' title='bbox 538 1340 789 1389; x_wconf 68' lang='lat' dir='ltr'>vitiorum</span> <span class='ocrx_word' id='word_1_140' title='bbox 826 1337 943 1389; x_wconf 87' lang='lat' dir='ltr'>labe</span> <span class='ocrx_word' id='word_1_141' title='bbox 982 1357 1078 1389; x_wconf 92' lang='lat' dir='ltr'>nec</span> <span class='ocrx_word' id='word_1_142' title='bbox 1116 1340 1368 1390; x_wconf 82' lang='lat' dir='ltr'>virtutum</span> <span class='ocrx_word' id='word_1_143' title='bbox 1415 1338 1569 1390; x_wconf 88' lang='lat' dir='ltr'>laude</span> <span class='ocrx_word' id='word_1_144' title='bbox 1617 1339 1835 1392; x_wconf 88' lang='lat' dir='ltr'>clareret</span> <span class='ocrx_word' id='word_1_145' title='bbox 1883 1341 2126 1406; x_wconf 81' lang='lat' dir='ltr'>eximius,</span> 
     </span>
     <span class='ocr_line' id='line_1_19' title="bbox 277 1408 2127 1474; baseline -0.001 -14"><span class='ocrx_word' id='word_1_146' title='bbox 277 1411 402 1461; x_wconf 87' lang='lat' dir='ltr'>dum</span> <span class='ocrx_word' id='word_1_147' title='bbox 430 1411 481 1459; x_wconf 89' lang='lat' dir='ltr'>in</span> <span class='ocrx_word' id='word_1_148' title='bbox 509 1417 953 1459; x_wconf 85' lang='lat' dir='ltr'>sacramentorum</span> <span class='ocrx_word' id='word_1_149' title='bbox 985 1408 1312 1460; x_wconf 85' lang='lat' dir='ltr'>confectione</span> <span class='ocrx_word' id='word_1_150' title='bbox 1338 1409 1568 1460; x_wconf 89' lang='lat' dir='ltr'>venisset</span> <span class='ocrx_word' id='word_1_151' title='bbox 1593 1409 1660 1460; x_wconf 87' lang='lat' dir='ltr'>ad</span> <span class='ocrx_word' id='word_1_152' title='bbox 1686 1410 2127 1474; x_wconf 89' lang='lat' dir='ltr'>communionem,</span> 
     </span>
     <span class='ocr_line' id='line_1_20' title="bbox 277 1476 2129 1547; baseline 0.001 -17"><span class='ocrx_word' id='word_1_153' title='bbox 277 1479 439 1531; x_wconf 83' lang='lat' dir='ltr'>calice</span> <span class='ocrx_word' id='word_1_154' title='bbox 496 1477 665 1529; x_wconf 78' lang='lat' dir='ltr'>levato</span> <span class='ocrx_word' id='word_1_155' title='bbox 714 1477 848 1528; x_wconf 82' lang='lat' dir='ltr'>vidit</span> <span class='ocrx_word' id='word_1_156' title='bbox 894 1479 1072 1528; x_wconf 83' lang='lat' dir='ltr'>vinum</span> <span class='ocrx_word' id='word_1_157' title='bbox 1122 1497 1227 1529; x_wconf 93' lang='lat' dir='ltr'>non</span> <span class='ocrx_word' id='word_1_158' title='bbox 1277 1476 1444 1529; x_wconf 87' lang='lat' dir='ltr'>solum</span> <span class='ocrx_word' id='word_1_159' title='bbox 1494 1477 1859 1547; x_wconf 87' lang='lat' dir='ltr'>spiritualiter,</span> <span class='ocrx_word' id='word_1_160' title='bbox 1906 1479 1998 1530; x_wconf 87' lang='lat' dir='ltr'>sed</span> <span class='ocrx_word' id='word_1_161' title='bbox 2047 1479 2129 1531; x_wconf 80' lang='lat' dir='ltr'>etf</span> 
     </span>
     <span class='ocr_line' id='line_1_21' title="bbox 274 1547 2131 1618; baseline 0.001 -19"><span class='ocrx_word' id='word_1_162' title='bbox 274 1547 552 1600; x_wconf 77' lang='lat' dir='ltr'>visibiliter</span> <span class='ocrx_word' id='word_1_163' title='bbox 590 1551 645 1599; x_wconf 94' lang='lat' dir='ltr'>in</span> <span class='ocrx_word' id='word_1_164' title='bbox 684 1549 992 1615; x_wconf 88' lang='lat' dir='ltr'>sanguinem</span> <span class='ocrx_word' id='word_1_165' title='bbox 1032 1566 1375 1614; x_wconf 73' lang='lat' dir='ltr'>conversum,</span> <span class='ocrx_word' id='word_1_166' title='bbox 1425 1549 1572 1599; x_wconf 91' lang='lat' dir='ltr'>cuius</span> <span class='ocrx_word' id='word_1_167' title='bbox 1619 1549 1811 1600; x_wconf 89' lang='lat' dir='ltr'>rubore</span> <span class='ocrx_word' id='word_1_168' title='bbox 1848 1549 2044 1618; x_wconf 90' lang='lat' dir='ltr'>pariter</span> <span class='ocrx_word' id='word_1_169' title='bbox 2079 1555 2131 1600; x_wconf 88' lang='lat' dir='ltr'>et</span> 
     </span>
     <span class='ocr_line' id='line_1_22' title="bbox 276 1617 2128 1687; baseline 0.001 -18"><span class='ocrx_word' id='word_1_170' title='bbox 276 1619 533 1669; x_wconf 87' lang='lat' dir='ltr'>densitate</span> <span class='ocrx_word' id='word_1_171' title='bbox 575 1619 882 1686; x_wconf 88' lang='lat' dir='ltr'>perterritus</span> <span class='ocrx_word' id='word_1_172' title='bbox 920 1617 1082 1668; x_wconf 89' lang='lat' dir='ltr'>nichil</span> <span class='ocrx_word' id='word_1_173' title='bbox 1118 1617 1239 1669; x_wconf 89' lang='lat' dir='ltr'>inde</span> <span class='ocrx_word' id='word_1_174' title='bbox 1278 1636 1483 1669; x_wconf 90' lang='lat' dir='ltr'>sumere</span> <span class='ocrx_word' id='word_1_175' title='bbox 1521 1619 1892 1687; x_wconf 88' lang='lat' dir='ltr'>praesumpsit,</span> <span class='ocrx_word' id='word_1_176' title='bbox 1942 1617 2036 1670; x_wconf 89' lang='lat' dir='ltr'>sed</span> <span class='ocrx_word' id='word_1_177' title='bbox 2071 1619 2128 1670; x_wconf 88' lang='lat' dir='ltr'>in</span> 
     </span>
     <span class='ocr_line' id='line_1_23' title="bbox 276 1687 2127 1757; baseline 0.001 -18"><span class='ocrx_word' id='word_1_178' title='bbox 276 1687 645 1757; x_wconf 88' lang='lat' dir='ltr'>Magedaburg</span> <span class='ocrx_word' id='word_1_179' title='bbox 694 1688 989 1752; x_wconf 85' lang='lat' dir='ltr'>civitatem,</span> <span class='ocrx_word' id='word_1_180' title='bbox 1047 1688 1137 1739; x_wconf 88' lang='lat' dir='ltr'>ubi</span> <span class='ocrx_word' id='word_1_181' title='bbox 1196 1687 1408 1738; x_wconf 71' lang='lat' dir='ltr'>adhucg</span> <span class='ocrx_word' id='word_1_182' title='bbox 1457 1687 1827 1739; x_wconf 76' lang='lat' dir='ltr'>venerabiliter</span> <span class='ocrx_word' id='word_1_183' title='bbox 1874 1695 2127 1755; x_wconf 84' lang='lat' dir='ltr'>servatur,</span> 
     </span>
     <span class='ocr_line' id='line_1_24' title="bbox 278 1757 2127 1827; baseline 0.001 -18"><span class='ocrx_word' id='word_1_184' title='bbox 278 1778 399 1810; x_wconf 88' lang='lat' dir='ltr'>cum</span> <span class='ocrx_word' id='word_1_185' title='bbox 438 1776 629 1826; x_wconf 87' lang='lat' dir='ltr'>magno</span> <span class='ocrx_word' id='word_1_186' title='bbox 669 1758 856 1808; x_wconf 88' lang='lat' dir='ltr'>timore</span> <span class='ocrx_word' id='word_1_187' title='bbox 895 1759 1139 1826; x_wconf 76' lang='lat' dir='ltr'>portavit.</span> <span class='ocrx_word' id='word_1_188' title='bbox 1216 1757 1365 1822; x_wconf 76' lang='lat' dir='ltr'>Quae</span> <span class='ocrx_word' id='word_1_189' title='bbox 1405 1760 1581 1809; x_wconf 90' lang='lat' dir='ltr'>omnia</span> <span class='ocrx_word' id='word_1_190' title='bbox 1627 1758 1754 1827; x_wconf 89' lang='lat' dir='ltr'>quid</span> <span class='ocrx_word' id='word_1_191' title='bbox 1801 1758 2127 1826; x_wconf 85' lang='lat' dir='ltr'>significasse</span> 
     </span>
     <span class='ocr_line' id='line_1_25' title="bbox 276 1826 1826 1898; baseline -0.001 -19"><span class='ocrx_word' id='word_1_192' title='bbox 276 1837 540 1898; x_wconf 89' lang='lat' dir='ltr'>putemus,</span> <span class='ocrx_word' id='word_1_193' title='bbox 579 1828 681 1877; x_wconf 90' lang='lat' dir='ltr'>nisi</span> <span class='ocrx_word' id='word_1_194' title='bbox 718 1826 970 1891; x_wconf 84' lang='lat' dir='ltr'>laborem,</span> <span class='ocrx_word' id='word_1_195' title='bbox 1009 1846 1166 1897; x_wconf 89' lang='lat' dir='ltr'>quem</span> <span class='ocrx_word' id='word_1_196' title='bbox 1204 1835 1326 1896; x_wconf 90' lang='lat' dir='ltr'>post</span> <span class='ocrx_word' id='word_1_197' title='bbox 1364 1829 1568 1896; x_wconf 80' lang='lat' dir='ltr'>experti</span> <span class='ocrx_word' id='word_1_198' title='bbox 1607 1827 1826 1878; x_wconf 79' lang='lat' dir='ltr'>sumus?</span> 
     </span>
    </p>

    <p class='ocr_par' dir='ltr' id='par_1_3' title="bbox 274 1896 2129 2944">
     <span class='ocr_line' id='line_1_26' title="bbox 416 1896 2128 1966; baseline -0.001 -17"><span class='ocrx_word' id='word_1_199' title='bbox 416 1900 497 1949; x_wconf 85' lang='lat'>41.</span> <span class='ocrx_word' id='word_1_200' title='bbox 581 1897 727 1964; x_wconf 88' lang='lat' dir='ltr'>Ergo</span> <span class='ocrx_word' id='word_1_201' title='bbox 779 1915 898 1948; x_wconf 91' lang='lat' dir='ltr'>cum</span> <span class='ocrx_word' id='word_1_202' title='bbox 945 1899 1084 1966; x_wconf 81' lang='lat' dir='ltr'>regis</span> <span class='ocrx_word' id='word_1_203' title='bbox 1132 1899 1210 1948; x_wconf 89' lang='lat' dir='ltr'>ira</span> <span class='ocrx_word' id='word_1_204' title='bbox 1256 1896 1581 1966; x_wconf 85' lang='lat' dir='ltr'>longitudine</span> <span class='ocrx_word' id='word_1_205' title='bbox 1631 1899 1883 1966; x_wconf 89' lang='lat' dir='ltr'>temporis</span> <span class='ocrx_word' id='word_1_206' title='bbox 1932 1898 1986 1947; x_wconf 91' lang='lat' dir='ltr'>in</span> <span class='ocrx_word' id='word_1_207' title='bbox 2032 1914 2128 1948; x_wconf 81' lang='lat' dir='ltr'>nos</span> 
     </span>
     <span class='ocr_line' id='line_1_27' title="bbox 276 1967 2128 2037; baseline 0.001 -20"><span class='ocrx_word' id='word_1_208' title='bbox 276 1968 432 2018; x_wconf 91' lang='lat' dir='ltr'>nimis</span> <span class='ocrx_word' id='word_1_209' title='bbox 479 1984 700 2017; x_wconf 89' lang='lat' dir='ltr'>accensa</span> <span class='ocrx_word' id='word_1_210' title='bbox 747 1967 942 2018; x_wconf 88' lang='lat' dir='ltr'>diutius</span> <span class='ocrx_word' id='word_1_211' title='bbox 999 1967 1160 2019; x_wconf 87' lang='lat' dir='ltr'>latere</span> <span class='ocrx_word' id='word_1_212' title='bbox 1223 1985 1329 2017; x_wconf 92' lang='lat' dir='ltr'>non</span> <span class='ocrx_word' id='word_1_213' title='bbox 1384 1974 1588 2035; x_wconf 86' lang='lat' dir='ltr'>posset,</span> <span class='ocrx_word' id='word_1_214' title='bbox 1649 1969 1908 2037; x_wconf 89' lang='lat' dir='ltr'>certisque</span> <span class='ocrx_word' id='word_1_215' title='bbox 1963 1967 2128 2035; x_wconf 87' lang='lat' dir='ltr'>signis</span> 
     </span>
     <span class='ocr_line' id='line_1_28' title="bbox 278 2035 2127 2107; baseline 0 -19"><span class='ocrx_word' id='word_1_216' title='bbox 278 2056 411 2107; x_wconf 86' lang='lat' dir='ltr'>quae</span> <span class='ocrx_word' id='word_1_217' title='bbox 464 2035 603 2087; x_wconf 89' lang='lat' dir='ltr'>mala</span> <span class='ocrx_word' id='word_1_218' title='bbox 649 2036 803 2087; x_wconf 87' lang='lat' dir='ltr'>nobis</span> <span class='ocrx_word' id='word_1_219' title='bbox 855 2038 1125 2104; x_wconf 84' lang='lat' dir='ltr'>cogitabat</span> <span class='ocrx_word' id='word_1_220' title='bbox 1168 2036 1363 2101; x_wconf 87' lang='lat' dir='ltr'>facere,</span> <span class='ocrx_word' id='word_1_221' title='bbox 1412 2044 1638 2106; x_wconf 81' lang='lat' dir='ltr'>pateret3</span> <span class='ocrx_word' id='word_1_222' title='bbox 1691 2046 1814 2088; x_wconf 89' lang='lat' dir='ltr'>tunc</span> <span class='ocrx_word' id='word_1_223' title='bbox 1862 2037 2127 2105; x_wconf 85' lang='lat' dir='ltr'>principes</span> 
     </span>
     <span class='ocr_line' id='line_1_29' title="bbox 275 2105 2128 2176; baseline 0 -19"><span class='ocrx_word' id='word_1_224' title='bbox 275 2107 440 2158; x_wconf 89' lang='lat' dir='ltr'>nostri</span> <span class='ocrx_word' id='word_1_225' title='bbox 478 2105 670 2174; x_wconf 82' lang='lat' dir='ltr'>singuli</span> <span class='ocrx_word' id='word_1_226' title='bbox 697 2114 747 2157; x_wconf 92' lang='lat' dir='ltr'>et</span> <span class='ocrx_word' id='word_1_227' title='bbox 772 2107 1004 2157; x_wconf 83' lang='lat' dir='ltr'>universi</span> <span class='ocrx_word' id='word_1_228' title='bbox 1029 2108 1227 2176; x_wconf 91' lang='lat' dir='ltr'>pariter</span> <span class='ocrx_word' id='word_1_229' title='bbox 1250 2106 1538 2174; x_wconf 87' lang='lat' dir='ltr'>legationes</span> <span class='ocrx_word' id='word_1_230' title='bbox 1566 2107 1806 2158; x_wconf 87' lang='lat' dir='ltr'>assiduas</span> <span class='ocrx_word' id='word_1_231' title='bbox 1831 2125 1973 2158; x_wconf 89' lang='lat' dir='ltr'>nunc</span> <span class='ocrx_word' id='word_1_232' title='bbox 2009 2124 2128 2157; x_wconf 91' lang='lat' dir='ltr'>cum</span> 
     </span>
     <span class='ocr_line' id='line_1_30' title="bbox 274 2175 2129 2246; baseline -0.001 -18"><span class='ocrx_word' id='word_1_233' title='bbox 274 2177 457 2229; x_wconf 89' lang='lat' dir='ltr'>litteris</span> <span class='ocrx_word' id='word_1_234' title='bbox 496 2195 635 2226; x_wconf 90' lang='lat' dir='ltr'>nunc</span> <span class='ocrx_word' id='word_1_235' title='bbox 675 2177 784 2227; x_wconf 90' lang='lat' dir='ltr'>sine</span> <span class='ocrx_word' id='word_1_236' title='bbox 820 2175 1007 2228; x_wconf 88' lang='lat' dir='ltr'>litteris</span> <span class='ocrx_word' id='word_1_237' title='bbox 1045 2178 1149 2246; x_wconf 88' lang='lat' dir='ltr'>ipsi</span> <span class='ocrx_word' id='word_1_238' title='bbox 1185 2179 1297 2245; x_wconf 91' lang='lat' dir='ltr'>regi</span> <span class='ocrx_word' id='word_1_239' title='bbox 1321 2176 1573 2241; x_wconf 88' lang='lat' dir='ltr'>fecerunt,</span> <span class='ocrx_word' id='word_1_240' title='bbox 1613 2176 1805 2245; x_wconf 89' lang='lat' dir='ltr'>quibus</span> <span class='ocrx_word' id='word_1_241' title='bbox 1831 2176 1932 2227; x_wconf 93' lang='lat' dir='ltr'>hoc</span> <span class='ocrx_word' id='word_1_242' title='bbox 1958 2175 2129 2227; x_wconf 89' lang='lat' dir='ltr'>solum</span> 
     </span>
     <span class='ocr_line' id='line_1_31' title="bbox 275 2245 2128 2316; baseline -0.001 -18"><span class='ocrx_word' id='word_1_243' title='bbox 275 2246 342 2298; x_wconf 90' lang='lat' dir='ltr'>ab</span> <span class='ocrx_word' id='word_1_244' title='bbox 383 2265 442 2298; x_wconf 88' lang='lat' dir='ltr'>eo</span> <span class='ocrx_word' id='word_1_245' title='bbox 481 2246 645 2297; x_wconf 88' lang='lat' dir='ltr'>multa</span> <span class='ocrx_word' id='word_1_246' title='bbox 683 2245 1069 2315; x_wconf 86' lang='lat' dir='ltr'>supplicatione</span> <span class='ocrx_word' id='word_1_247' title='bbox 1095 2247 1374 2315; x_wconf 90' lang='lat' dir='ltr'>petierunt,</span> <span class='ocrx_word' id='word_1_248' title='bbox 1413 2253 1470 2297; x_wconf 90' lang='lat' dir='ltr'>ut</span> <span class='ocrx_word' id='word_1_249' title='bbox 1504 2255 1656 2298; x_wconf 89' lang='lat' dir='ltr'>coetu</span> <span class='ocrx_word' id='word_1_250' title='bbox 1681 2247 1984 2316; x_wconf 88' lang='lat' dir='ltr'>principum</span> <span class='ocrx_word' id='word_1_251' title='bbox 2011 2263 2128 2297; x_wconf 91' lang='lat' dir='ltr'>suo-</span> 
     </span>
     <span class='ocr_line' id='line_1_32' title="bbox 275 2315 2128 2385; baseline -0.001 -18"><span class='ocrx_word' id='word_1_252' title='bbox 275 2335 394 2368; x_wconf 88' lang='lat' dir='ltr'>rum</span> <span class='ocrx_word' id='word_1_253' title='bbox 432 2315 651 2367; x_wconf 88' lang='lat' dir='ltr'>collecto</span> <span class='ocrx_word' id='word_1_254' title='bbox 692 2334 745 2367; x_wconf 88' lang='lat' dir='ltr'>se</span> <span class='ocrx_word' id='word_1_255' title='bbox 785 2333 962 2366; x_wconf 86' lang='lat' dir='ltr'>coram</span> <span class='ocrx_word' id='word_1_256' title='bbox 1001 2318 1075 2368; x_wconf 87' lang='lat' dir='ltr'>eis</span> <span class='ocrx_word' id='word_1_257' title='bbox 1120 2323 1211 2367; x_wconf 92' lang='lat' dir='ltr'>aut</span> <span class='ocrx_word' id='word_1_258' title='bbox 1249 2315 1537 2385; x_wconf 87' lang='lat' dir='ltr'>culpabiles</span> <span class='ocrx_word' id='word_1_259' title='bbox 1576 2316 1873 2368; x_wconf 88' lang='lat' dir='ltr'>ostenderet</span> <span class='ocrx_word' id='word_1_260' title='bbox 1919 2324 1971 2367; x_wconf 90' lang='lat' dir='ltr'>et</span> <span class='ocrx_word' id='word_1_261' title='bbox 2007 2333 2128 2366; x_wconf 92' lang='lat' dir='ltr'>con-</span> 
     </span>
     <span class='ocr_line' id='line_1_33' title="bbox 275 2385 2126 2455; baseline -0.001 -18"><span class='ocrx_word' id='word_1_262' title='bbox 275 2387 442 2437; x_wconf 81' lang='lat' dir='ltr'>victos</span> <span class='ocrx_word' id='word_1_263' title='bbox 499 2404 678 2437; x_wconf 89' lang='lat' dir='ltr'>eorum</span> <span class='ocrx_word' id='word_1_264' title='bbox 735 2385 932 2436; x_wconf 88' lang='lat' dir='ltr'>iudicio</span> <span class='ocrx_word' id='word_1_265' title='bbox 990 2387 1226 2455; x_wconf 88' lang='lat' dir='ltr'>puniret,</span> <span class='ocrx_word' id='word_1_266' title='bbox 1279 2394 1369 2437; x_wconf 89' lang='lat' dir='ltr'>aut</span> <span class='ocrx_word' id='word_1_267' title='bbox 1417 2387 1521 2454; x_wconf 90' lang='lat' dir='ltr'>ipsi</span> <span class='ocrx_word' id='word_1_268' title='bbox 1569 2405 1715 2437; x_wconf 89' lang='lat' dir='ltr'>suam</span> <span class='ocrx_word' id='word_1_269' title='bbox 1770 2385 2126 2437; x_wconf 87' lang='lat' dir='ltr'>innocentiam</span> 
     </span>
     <span class='ocr_line' id='line_1_34' title="bbox 274 2454 2127 2525; baseline -0.001 -18"><span class='ocrx_word' id='word_1_270' title='bbox 274 2456 473 2507; x_wconf 85' lang='lat' dir='ltr'>iudicio</span> <span class='ocrx_word' id='word_1_271' title='bbox 514 2454 748 2525; x_wconf 90' lang='lat' dir='ltr'>quolibet</span> <span class='ocrx_word' id='word_1_272' title='bbox 786 2454 1120 2507; x_wconf 85' lang='lat' dir='ltr'>ostenderent</span> <span class='ocrx_word' id='word_1_273' title='bbox 1158 2463 1209 2507; x_wconf 92' lang='lat' dir='ltr'>et</span> <span class='ocrx_word' id='word_1_274' title='bbox 1245 2456 1298 2506; x_wconf 88' lang='lat' dir='ltr'>in</span> <span class='ocrx_word' id='word_1_275' title='bbox 1337 2457 1447 2506; x_wconf 87' lang='lat' dir='ltr'>eius</span> <span class='ocrx_word' id='word_1_276' title='bbox 1475 2457 1660 2524; x_wconf 89' lang='lat' dir='ltr'>gratia,</span> <span class='ocrx_word' id='word_1_277' title='bbox 1701 2457 1838 2507; x_wconf 87' lang='lat' dir='ltr'>sicut</span> <span class='ocrx_word' id='word_1_278' title='bbox 1874 2455 2127 2506; x_wconf 89' lang='lat' dir='ltr'>hactenus</span> 
     </span>
     <span class='ocr_line' id='line_1_35' title="bbox 276 2525 2128 2595; baseline -0.001 -18"><span class='ocrx_word' id='word_1_279' title='bbox 276 2535 436 2592; x_wconf 88' lang='lat' dir='ltr'>erant,</span> <span class='ocrx_word' id='word_1_280' title='bbox 475 2534 857 2595; x_wconf 86' lang='lat' dir='ltr'>permanerent.</span> <span class='ocrx_word' id='word_1_281' title='bbox 931 2526 1132 2577; x_wconf 90' lang='lat' dir='ltr'>Verum</span> <span class='ocrx_word' id='word_1_282' title='bbox 1171 2544 1290 2577; x_wconf 88' lang='lat' dir='ltr'>cum</span> <span class='ocrx_word' id='word_1_283' title='bbox 1330 2526 1396 2577; x_wconf 86' lang='lat' dir='ltr'>ab</span> <span class='ocrx_word' id='word_1_284' title='bbox 1437 2544 1497 2576; x_wconf 92' lang='lat' dir='ltr'>eo</span> <span class='ocrx_word' id='word_1_285' title='bbox 1544 2525 1744 2577; x_wconf 91' lang='lat' dir='ltr'>nullum</span> <span class='ocrx_word' id='word_1_286' title='bbox 1791 2525 2003 2594; x_wconf 89' lang='lat' dir='ltr'>pietatis</span> <span class='ocrx_word' id='word_1_287' title='bbox 2049 2543 2128 2576; x_wconf 88' lang='lat' dir='ltr'>re-</span> 
     </span>
     <span class='ocr_line' id='line_1_36' title="bbox 276 2593 2126 2664; baseline -0.001 -17"><span class='ocrx_word' id='word_1_288' title='bbox 276 2614 531 2664; x_wconf 88' lang='lat' dir='ltr'>sponsum</span> <span class='ocrx_word' id='word_1_289' title='bbox 567 2597 894 2664; x_wconf 89' lang='lat' dir='ltr'>accepissent</span> <span class='ocrx_word' id='word_1_290' title='bbox 931 2604 982 2648; x_wconf 90' lang='lat' dir='ltr'>et</span> <span class='ocrx_word' id='word_1_291' title='bbox 1019 2614 1141 2647; x_wconf 90' lang='lat' dir='ltr'>eum</span> <span class='ocrx_word' id='word_1_292' title='bbox 1180 2595 1243 2646; x_wconf 87' lang='lat' dir='ltr'>de</span> <span class='ocrx_word' id='word_1_293' title='bbox 1283 2614 1379 2647; x_wconf 87' lang='lat' dir='ltr'>sua</span> <span class='ocrx_word' id='word_1_294' title='bbox 1404 2604 1609 2647; x_wconf 89' lang='lat' dir='ltr'>tantum</span> <span class='ocrx_word' id='word_1_295' title='bbox 1633 2595 1928 2664; x_wconf 87' lang='lat' dir='ltr'>perditione</span> <span class='ocrx_word' id='word_1_296' title='bbox 1954 2593 2126 2645; x_wconf 89' lang='lat' dir='ltr'>modis</span> 
     </span>
     <span class='ocr_line' id='line_1_37' title="bbox 277 2665 2126 2734; baseline 0 -19"><span class='ocrx_word' id='word_1_297' title='bbox 277 2665 521 2716; x_wconf 88' lang='lat' dir='ltr'>omnibus</span> <span class='ocrx_word' id='word_1_298' title='bbox 558 2672 784 2716; x_wconf 86' lang='lat' dir='ltr'>tractare</span> <span class='ocrx_word' id='word_1_299' title='bbox 824 2667 1211 2733; x_wconf 86' lang='lat' dir='ltr'>cognovissent,</span> <span class='ocrx_word' id='word_1_300' title='bbox 1249 2665 1315 2716; x_wconf 87' lang='lat' dir='ltr'>ad</span> <span class='ocrx_word' id='word_1_301' title='bbox 1355 2683 1443 2716; x_wconf 89' lang='lat' dir='ltr'>eos</span> <span class='ocrx_word' id='word_1_302' title='bbox 1481 2665 1571 2734; x_wconf 88' lang='lat' dir='ltr'>qui</span> <span class='ocrx_word' id='word_1_303' title='bbox 1609 2683 1727 2716; x_wconf 86' lang='lat' dir='ltr'>cum</span> <span class='ocrx_word' id='word_1_304' title='bbox 1766 2682 1826 2716; x_wconf 91' lang='lat' dir='ltr'>eo</span> <span class='ocrx_word' id='word_1_305' title='bbox 1859 2665 2126 2734; x_wconf 87' lang='lat' dir='ltr'>principes</span> 
     </span>
     <span class='ocr_line' id='line_1_38' title="bbox 276 2733 2126 2804; baseline 0 -19"><span class='ocrx_word' id='word_1_306' title='bbox 276 2744 425 2786; x_wconf 90' lang='lat' dir='ltr'>erant</span> <span class='ocrx_word' id='word_1_307' title='bbox 461 2734 748 2804; x_wconf 88' lang='lat' dir='ltr'>legationes</span> <span class='ocrx_word' id='word_1_308' title='bbox 785 2735 1035 2803; x_wconf 87' lang='lat' dir='ltr'>dirigunt,</span> <span class='ocrx_word' id='word_1_309' title='bbox 1075 2743 1125 2787; x_wconf 93' lang='lat' dir='ltr'>et</span> <span class='ocrx_word' id='word_1_310' title='bbox 1163 2753 1251 2787; x_wconf 86' lang='lat' dir='ltr'>eos</span> <span class='ocrx_word' id='word_1_311' title='bbox 1278 2744 1335 2786; x_wconf 90' lang='lat' dir='ltr'>ut</span> <span class='ocrx_word' id='word_1_312' title='bbox 1361 2736 1595 2785; x_wconf 89' lang='lat' dir='ltr'>animum</span> <span class='ocrx_word' id='word_1_313' title='bbox 1620 2735 1761 2802; x_wconf 90' lang='lat' dir='ltr'>regis</span> <span class='ocrx_word' id='word_1_314' title='bbox 1789 2734 1889 2786; x_wconf 89' lang='lat' dir='ltr'>sibi</span> <span class='ocrx_word' id='word_1_315' title='bbox 1915 2733 2126 2803; x_wconf 89' lang='lat' dir='ltr'>placare</span> 
     </span>
     <span class='ocr_line' id='line_1_39' title="bbox 274 2802 2126 2874; baseline -0.001 -19"><span class='ocrx_word' id='word_1_316' title='bbox 274 2803 451 2869; x_wconf 80' lang='lat' dir='ltr'>velint,</span> <span class='ocrx_word' id='word_1_317' title='bbox 489 2802 751 2856; x_wconf 87' lang='lat' dir='ltr'>humiliter</span> <span class='ocrx_word' id='word_1_318' title='bbox 794 2814 995 2873; x_wconf 89' lang='lat' dir='ltr'>petunt.</span> <span class='ocrx_word' id='word_1_319' title='bbox 1069 2805 1156 2856; x_wconf 87' lang='lat' dir='ltr'>Ex</span> <span class='ocrx_word' id='word_1_320' title='bbox 1204 2804 1396 2874; x_wconf 89' lang='lat' dir='ltr'>quibus</span> <span class='ocrx_word' id='word_1_321' title='bbox 1447 2823 1621 2869; x_wconf 89' lang='lat' dir='ltr'>unam,</span> <span class='ocrx_word' id='word_1_322' title='bbox 1672 2821 1830 2873; x_wconf 90' lang='lat' dir='ltr'>quam</span> <span class='ocrx_word' id='word_1_323' title='bbox 1878 2803 2126 2873; x_wconf 87' lang='lat' dir='ltr'>Mageda-</span> 
     </span>
     <span class='ocr_line' id='line_1_40' title="bbox 274 2871 2125 2944; baseline 0 -20"><span class='ocrx_word' id='word_1_324' title='bbox 274 2873 554 2942; x_wconf 87' lang='lat' dir='ltr'>burgensis</span> <span class='ocrx_word' id='word_1_325' title='bbox 593 2874 1022 2944; x_wconf 87' lang='lat' dir='ltr'>archiepiscopus</span> <span class='ocrx_word' id='word_1_326' title='bbox 1048 2875 1356 2943; x_wconf 90' lang='lat' dir='ltr'>Magontino</span> <span class='ocrx_word' id='word_1_327' title='bbox 1394 2875 1537 2924; x_wconf 89' lang='lat' dir='ltr'>misit</span> <span class='ocrx_word' id='word_1_328' title='bbox 1561 2873 1978 2944; x_wconf 89' lang='lat' dir='ltr'>archiepiscopo,</span> <span class='ocrx_word' id='word_1_329' title='bbox 2016 2871 2125 2942; x_wconf 85' lang='lat' dir='ltr'>pla-</span> 
     </span>
    </p>
   </div>
   <div class='ocr_carea' id='block_1_3' title="bbox 280 3019 2125 3064">
    <p class='ocr_par' dir='ltr' id='par_1_4' title="bbox 280 3019 2125 3064">
     <span class='ocr_line' id='line_1_41' title="bbox 280 3019 2125 3064; baseline 0.001 -10"><span class='ocrx_word' id='word_1_330' title='bbox 280 3033 314 3054; x_wconf 78' lang='lat' dir='ltr'>a·</span> <span class='ocrx_word' id='word_1_331' title='bbox 345 3025 395 3054; x_wconf 68' lang='lat' dir='ltr'>ita</span> <span class='ocrx_word' id='word_1_332' title='bbox 423 3024 643 3054; x_wconf 76' lang='lat' dir='ltr'>scribendum</span> <span class='ocrx_word' id='word_1_333' title='bbox 673 3024 762 3063; x_wconf 77' lang='lat' dir='ltr'>(cum</span> <span class='ocrx_word' id='word_1_334' title='bbox 798 3019 853 3063; x_wconf 84' lang='lat' dir='ltr'>1b)</span> <span class='ocrx_word' id='word_1_335' title='bbox 884 3028 913 3054; x_wconf 81' lang='lat' dir='ltr'>et</span> <span class='ocrx_word' id='word_1_336' title='bbox 939 3034 995 3055; x_wconf 69' lang='lat' dir='ltr'>res</span> <span class='ocrx_word' id='word_1_337' title='bbox 1022 3025 1100 3064; x_wconf 83' lang='lat' dir='ltr'>ipsa</span> <span class='ocrx_word' id='word_1_338' title='bbox 1127 3029 1156 3055; x_wconf 76' lang='lat' dir='ltr'>ec</span> <span class='ocrx_word' id='word_1_339' title='bbox 1185 3024 1378 3055; x_wconf 74' lang='lat' dir='ltr'>Annalisca</span> <span class='ocrx_word' id='word_1_340' title='bbox 1406 3023 1501 3055; x_wconf 70' lang='lat' dir='ltr'>Saxo</span> <span class='ocrx_word' id='word_1_341' title='bbox 1529 3024 1708 3063; x_wconf 76' lang='lat' dir='ltr'>indicant;</span> <span class='ocrx_word' id='word_1_342' title='bbox 1747 3033 1878 3055; x_wconf 81' lang='lat' dir='ltr'>ceruos</span> <span class='ocrx_word' id='word_1_343' title='bbox 1909 3026 1938 3058; x_wconf 88' lang='lat'>1.</span> <span class='ocrx_word' id='word_1_344' title='bbox 1965 3024 2004 3057; x_wconf 93' lang='lat' dir='ltr'>P.</span> <span class='ocrx_word' id='word_1_345' title='bbox 2035 3024 2125 3055; x_wconf 73' lang='lat' dir='ltr'>Mihi</span> 
     </span>
    </p>
   </div>
   <div class='ocr_carea' id='block_1_4' title="bbox 277 3069 2124 3251">
    <p class='ocr_par' dir='ltr' id='par_1_5' title="bbox 277 3069 2124 3251">
     <span class='ocr_line' id='line_1_42' title="bbox 278 3069 2122 3114; baseline 0.002 -11"><span class='ocrx_word' id='word_1_346' title='bbox 278 3081 409 3103; x_wconf 79' lang='lat' dir='ltr'>cervos</span> <span class='ocrx_word' id='word_1_347' title='bbox 438 3074 474 3102; x_wconf 72' lang='lat' dir='ltr'>in</span> <span class='ocrx_word' id='word_1_348' title='bbox 502 3073 613 3103; x_wconf 76' lang='lat' dir='ltr'>brolio</span> <span class='ocrx_word' id='word_1_349' title='bbox 642 3073 735 3111; x_wconf 78' lang='lat' dir='ltr'>quod</span> <span class='ocrx_word' id='word_1_350' title='bbox 762 3077 888 3103; x_wconf 62' lang='lat' dir='ltr'>vocant</span> <span class='ocrx_word' id='word_1_351' title='bbox 915 3077 1073 3104; x_wconf 77' lang='lat' dir='ltr'>servatos</span> <span class='ocrx_word' id='word_1_352' title='bbox 1100 3074 1211 3112; x_wconf 62' lang='lat' dir='ltr'>mayis</span> <span class='ocrx_word' id='word_1_353' title='bbox 1232 3074 1372 3112; x_wconf 77' lang='lat' dir='ltr'>placere</span> <span class='ocrx_word' id='word_1_354' title='bbox 1397 3073 1527 3110; x_wconf 80' lang='lat' dir='ltr'>fateor.</span> <span class='ocrx_word' id='word_1_355' title='bbox 1579 3072 1627 3105; x_wconf 83' lang='lat' dir='ltr'>W.</span> <span class='ocrx_word' id='word_1_356' title='bbox 1723 3073 1760 3113; x_wconf 88' lang='lat' dir='ltr'>b)</span> <span class='ocrx_word' id='word_1_357' title='bbox 1788 3074 1839 3104; x_wconf 77' lang='lat' dir='ltr'>ita</span> <span class='ocrx_word' id='word_1_358' title='bbox 1868 3069 1922 3113; x_wconf 70' lang='lat'>1¹²3</span> <span class='ocrx_word' id='word_1_359' title='bbox 1942 3081 2068 3114; x_wconf 89' lang='lat' dir='ltr'>ymmo</span> <span class='ocrx_word' id='word_1_360' title='bbox 2089 3075 2122 3107; x_wconf 90' lang='lat'>1.</span> 
     </span>
     <span class='ocr_line' id='line_1_43' title="bbox 278 3121 2119 3161; baseline 0.001 -10"><span class='ocrx_word' id='word_1_361' title='bbox 278 3126 311 3161; x_wconf 89' lang='lat' dir='ltr'>c)</span> <span class='ocrx_word' id='word_1_362' title='bbox 343 3121 574 3160; x_wconf 74' lang='lat' dir='ltr'>arripiebat?</span> <span class='ocrx_word' id='word_1_363' title='bbox 609 3122 789 3160; x_wconf 83' lang='lat' dir='ltr'>tangebat</span> <span class='ocrx_word' id='word_1_364' title='bbox 827 3123 858 3152; x_wconf 75' lang='lat'>2.</span> <span class='ocrx_word' id='word_1_365' title='bbox 896 3122 933 3151; x_wconf 85' lang='lat' dir='ltr'>P.</span> <span class='ocrx_word' id='word_1_366' title='bbox 1061 3121 1098 3161; x_wconf 89' lang='lat' dir='ltr'>d)</span> <span class='ocrx_word' id='word_1_367' title='bbox 1127 3123 1216 3153; x_wconf 73' lang='lat' dir='ltr'>deese</span> <span class='ocrx_word' id='word_1_368' title='bbox 1247 3126 1276 3153; x_wconf 91' lang='lat'>1.</span> <span class='ocrx_word' id='word_1_369' title='bbox 1379 3122 1412 3161; x_wconf 89' lang='lat' dir='ltr'>e)</span> <span class='ocrx_word' id='word_1_370' title='bbox 1452 3123 1504 3152; x_wconf 71' lang='lat' dir='ltr'>hic</span> <span class='ocrx_word' id='word_1_371' title='bbox 1533 3122 1655 3160; x_wconf 72' lang='lat' dir='ltr'>posita</span> <span class='ocrx_word' id='word_1_372' title='bbox 1689 3126 1773 3153; x_wconf 70' lang='lat' dir='ltr'>sunt</span> <span class='ocrx_word' id='word_1_373' title='bbox 1807 3123 1914 3153; x_wconf 80' lang='lat' dir='ltr'>verba</span> <span class='ocrx_word' id='word_1_374' title='bbox 1948 3124 1990 3153; x_wconf 89' lang='lat' dir='ltr'>in</span> <span class='ocrx_word' id='word_1_375' title='bbox 2022 3122 2119 3153; x_wconf 82' lang='lat' dir='ltr'>villa</span> 
     </span>
     <span class='ocr_line' id='line_1_44' title="bbox 277 3166 2124 3212; baseline 0.001 -11"><span class='ocrx_word' id='word_1_376' title='bbox 277 3170 491 3208; x_wconf 82' lang='lat' dir='ltr'>Weddinge</span> <span class='ocrx_word' id='word_1_377' title='bbox 524 3174 562 3208; x_wconf 74' lang='lat'>13</span> <span class='ocrx_word' id='word_1_378' title='bbox 591 3170 716 3201; x_wconf 68' lang='lat' dir='ltr'>desunt</span> <span class='ocrx_word' id='word_1_379' title='bbox 745 3171 777 3202; x_wconf 78' lang='lat'>2.</span> <span class='ocrx_word' id='word_1_380' title='bbox 904 3170 932 3210; x_wconf 86' lang='lat' dir='ltr'>f)</span> <span class='ocrx_word' id='word_1_381' title='bbox 961 3171 1050 3202; x_wconf 76' lang='lat' dir='ltr'>deest</span> <span class='ocrx_word' id='word_1_382' title='bbox 1079 3173 1110 3202; x_wconf 90' lang='lat'>1.</span> <span class='ocrx_word' id='word_1_383' title='bbox 1142 3166 1193 3202; x_wconf 76' lang='lat' dir='ltr'>lb.</span> <span class='ocrx_word' id='word_1_384' title='bbox 1326 3170 1362 3212; x_wconf 84' lang='lat' dir='ltr'>g)</span> <span class='ocrx_word' id='word_1_385' title='bbox 1393 3179 1423 3203; x_wconf 87' lang='lat' dir='ltr'>a.</span> <span class='ocrx_word' id='word_1_386' title='bbox 1452 3172 1492 3202; x_wconf 86' lang='lat' dir='ltr'>in</span> <span class='ocrx_word' id='word_1_387' title='bbox 1520 3171 1660 3202; x_wconf 85' lang='lat' dir='ltr'>sacello</span> <span class='ocrx_word' id='word_1_388' title='bbox 1689 3175 1870 3210; x_wconf 85' lang='lat' dir='ltr'>argenteo</span> <span class='ocrx_word' id='word_1_389' title='bbox 1898 3180 1933 3204; x_wconf 79' lang='lat' dir='ltr'>v,</span> <span class='ocrx_word' id='word_1_390' title='bbox 1964 3166 2018 3202; x_wconf 79' lang='lat' dir='ltr'>lb.</span> <span class='ocrx_word' id='word_1_391' title='bbox 2044 3171 2124 3203; x_wconf 81' lang='lat' dir='ltr'>cod.</span> 
     </span>
     <span class='ocr_line' id='line_1_45' title="bbox 278 3219 404 3251; baseline 0.024 -3"><span class='ocrx_word' id='word_1_392' title='bbox 278 3219 404 3251; x_wconf 77' lang='lat' dir='ltr'>Dresd.</span> 
     </span>
    </p>
   </div>
   <div class='ocr_carea' id='block_1_5' title="bbox 240 3329 2190 3469">
    <p class='ocr_par' dir='ltr' id='par_1_6' title="bbox 240 3329 2190 3469">
     <span class='ocr_line' id='line_1_46' title="bbox 282 3329 2190 3397; baseline 0.002 -17"><span class='ocrx_word' id='word_1_393' title='bbox 282 3342 326 3394; x_wconf 79' lang='lat'>1)</span> <span class='ocrx_word' id='word_1_394' title='bbox 360 3342 611 3396; x_wconf 71' lang='lat' dir='ltr'>Steterbury</span> <span class='ocrx_word' id='word_1_395' title='bbox 636 3357 776 3395; x_wconf 75' lang='lat' dir='ltr'>prope</span> <span class='ocrx_word' id='word_1_396' title='bbox 808 3342 1119 3396; x_wconf 68' lang='lat' dir='ltr'>Brunsve&#39;yam.</span> <span class='ocrx_word' id='word_1_397' title='bbox 1194 3343 1250 3384; x_wconf 83' lang='lat' dir='ltr'>W.</span> <span class='ocrx_word' id='word_1_398' title='bbox 1351 3329 1353 3331; x_wconf 27' lang='lat'><strong><em>¹</em></strong></span> <span class='ocrx_word' id='word_1_399' title='bbox 1388 3344 1433 3390; x_wconf 80' lang='lat'>2)</span> <span class='ocrx_word' id='word_1_400' title='bbox 1467 3343 1612 3384; x_wconf 80' lang='lat' dir='ltr'>Hodie</span> <span class='ocrx_word' id='word_1_401' title='bbox 1656 3342 1939 3397; x_wconf 70' lang='lat' dir='ltr'>Wedrinqen?</span> <span class='ocrx_word' id='word_1_402' title='bbox 1992 3342 2044 3386; x_wconf 86' lang='lat' dir='ltr'>P.</span> <span class='ocrx_word' id='word_1_403' title='bbox 2080 3341 2121 3383; x_wconf 84' lang='lat' dir='ltr'><strong><em>A</em></strong></span> <span class='ocrx_word' id='word_1_404' title='bbox 2180 3390 2190 3394; x_wconf 33' lang='lat'><strong><em>‘</em></strong></span> 
     </span>
     <span class='ocr_line' id='line_1_47' title="bbox 240 3403 1577 3469; baseline 0.002 -28"><span class='ocrx_word' id='word_1_405' title='bbox 240 3465 244 3469; x_wconf 19' lang='grc' dir='ltr'><strong>ρ</strong></span> <span class='ocrx_word' id='word_1_406' title='bbox 277 3404 429 3458; x_wconf 67' lang='lat' dir='ltr'>Magyd.</span> <span class='ocrx_word' id='word_1_407' title='bbox 466 3404 525 3444; x_wconf 81' lang='lat' dir='ltr'>ad</span> <span class='ocrx_word' id='word_1_408' title='bbox 557 3403 776 3445; x_wconf 76' lang='lat' dir='ltr'>meridiem</span> <span class='ocrx_word' id='word_1_409' title='bbox 811 3411 869 3445; x_wconf 77' lang='lat' dir='ltr'>est</span> <span class='ocrx_word' id='word_1_410' title='bbox 902 3404 1010 3445; x_wconf 80' lang='lat' dir='ltr'>villa</span> <span class='ocrx_word' id='word_1_411' title='bbox 1049 3403 1442 3458; x_wconf 68' lang='lat' dir='ltr'>Osterweddinqen.</span> <span class='ocrx_word' id='word_1_412' title='bbox 1518 3403 1577 3444; x_wconf 82' lang='lat' dir='ltr'>W.</span> 
     </span>
    </p>
   </div>
  </div>
 </body>
</html>
