2204 3765
527 96 727 137 BRUNO
760 97 840 136 DE
873 97 1066 139 BELLO
1101 98 1410 139 SAXONICO.
1830 109 1887 146 17

50 233 141 286 cui
185 249 378 283 nomen
426 231 602 297 B0d0,
650 251 784 302 quae
830 234 943 286 iure
993 253 1118 286 suae
1164 234 1416 287 deberent
1463 254 1574 287 esse
1620 237 1884 307 ecclesiae,
1905 263 2010 295 1078.

50 321 148 354 rex
197 299 299 352 sibi
343 299 643 353 abstulisset
689 303 894 355 iniuste.
981 303 1104 356 Otto
1159 304 1268 354 dux
1324 306 1702 373 querimoniam
1750 308 1887 373 fecit,

53 372 178 440 quia
214 371 465 421 ducatum
491 371 776 435 Bawariae‚
815 389 971 439 quem
1011 372 1101 423 diu
1137 374 1269 424 iuste
1306 373 1623 441 possederat,
1661 394 1754 425 rex
1793 378 1889 429 sibi

0 501 2 503 ,
48 441 106 492 111
142 437 282 490 1111110
321 440 539 491 crimine
578 441 836 502 convicto,
872 440 1057 491 fraude
1097 441 1324 509 quadam
1353 444 1663 509 excogitata,
1702 445 1890 498 iniuste

49 509 299 577 rapuerit.
362 508 504 560 Dedi
541 508 773 559 marchio
813 508 882 562 de.
914 509 1145 576 praediis
1180 509 1247 560 ad
1274 528 1327 561 se
1355 511 1465 561 iure
1493 514 1889 580 pertinentibus,

49 578 155 630 sibi
191 595 288 646 per
323 578 567 628 iniuriam
593 576 796 641 ablatis,
835 576 961 628 fecit
987 577 1269 646 querelam.
1331 579 1688 631 Herimannus
1715 599 1890 634 comes

49 646 195 716 quod
231 665 400 715 nuper
436 655 548 697 erat
583 645 781 697 factum
818 649 1065 709 narravit,
1117 647 1239 716 quia
1276 646 1493 698 urbema
1534 668 1679 700 suam
1717 650 1893 703 Liuni-

48 715 209 784 burg,
283 715 571 767 hereditate
634 714 894 780 relictam,
968 714 1150 766 callide
1214 735 1309 768 rex
1375 720 1674 786 occupavit,
1740 730 1790 771 et
1851 723 1893 771 si

47 803 168 838 eam
246 785 468 837 retinere
543 784 827 853 potuisset,
917 792 1079 835 totam
1154 784 1293 835 illam
1373 788 1664 856 regionem,
1739 808 1892 858 quam

49 853 152 907 sibi
214 863 457 923 parentes
521 854 634 904 iure
699 852 1028 918 dimiserant,
1108 872 1213 905 non
1278 856 1424 923 regia
1486 865 1739 924 potestate
1804 859 1894 911 scd

48 923 244 975 iniusta
281 922 551 992 possidere
590 920 770 973 voluit.
831 922 1132 974 Fridericus
1173 942 1346 974 6011165
1375 925 1552 992 palatii
1580 938 1894 996 conquestus

51 1001 147 1058 est,
187 994 312 1063 quia
348 991 664 1044 beneficium
693 991 835 1060 quod
867 992 930 1043 de
958 990 1171 1044 abbatia
1196 993 1620 1046 Heroldesfeldeb
1649 1015 1894 1064 magnum

47 1061 306 1128 habuerit,
358 1062 554 1112 iniusta
591 1061 691 1111 sibi
726 1061 956 1112 iussione
995 1062 1134 1129 regis
1172 1062 1419 1127 ablatum,
1460 1073 1664 1114 centum
1704 1068 1896 1117 mansis

47 1149 299 1200 agrorum
347 1148 378 1181 a
426 1150 550 1198 rege
599 1130 856 1182 redimere
894 1129 1118 1196 volebat,
1169 1150 1267 1182 nec
1303 1131 1526 1183 valebat.
1598 1134 1895 1186 Fridericus

50 1200 116 1252 de
164 1201 344 1253 Monte
402 1209 455 1252 et
502 1198 894 1265 Willehalmus,
949 1217 1045 1250 rex
1099 1202 1400 1268 agnomine,
1458 1219 1678 1270 quorum
1735 1204 1895 1270 priori

47 1269 361 1337 libertatem,
401 1269 550 1322 alteri
585 1288 682 1320 rex
719 1270 922 1338 eripere
960 1268 1128 1320 voluit
1162 1270 1521 1336 hereditatem,
1561 1279 1777 1340 uterque
1803 1291 1897 1340 pro

53 1357 110 1392 se
149 1339 417 1409 querelam
454 1339 695 1401 faciebat,
738 1357 874 1408 quae
912 1347 1131 1390 cunctos
1168 1339 1289 1408 plus
1329 1339 1443 1390 aliis
1471 1342 1807 1408 querimoniis
1833 1342 1899 1393 ad

50 1409 468 1461 misericordiam
519 1409 901 1474 commovebat,
953 1409 1077 1478 quia
1121 1409 1175 1460 in
1224 1408 1324 1460 illis
1373 1409 1577 1460 duobus
1628 1410 1752 1479 quid
1790 1413 1900 1461 uni-

50 1479 217 1531 versis
253 1478 427 1532 facere
466 1478 735 1547 cogitabat
770 1477 1144 1546 aestimabant3
1184 1480 1308 1548 quia
1334 1479 1534 1530 scilicet
1560 1480 1815 1543 omnibus,
1855 1482 1898 1531 si

50 1556 245 1617 posset,
293 1548 589 1601 libertatem
634 1547 789 1599 simul
835 1557 886 1600 et
934 1549 1294 1617 possessiones
1332 1549 1533 1600 auferre
1572 1548 1897 1617 disponebat.

51 1617 263 1670 Deinde
329 1620 488 1670 ceteri
545 1636 666 1669 suas
727 1619 952 1687 quisque
998 1617 1321 1686 proferebat,
1374 1636 1503 1686 quas
1559 1627 1667 1668 erat
1712 1636 1898 1686 passus

49 1688 293 1754 iniurias3
341 1688 409 1740 ad
456 1705 587 1757 quas
635 1686 1123 1739 commemorandas
1168 1706 1265 1738 nec
1315 1689 1512 1756 pagina
1557 1687 1749 1739 sufficit
1800 1707 1896 1740 1166

51 1758 322 1809 memoria.
397 1757 596 1809 Omnes
643 1774 767 1825 ergo
817 1758 906 1827 qui
954 1755 1030 1807 ibi
1086 1766 1437 1808 convenerant
1472 1790 1539 1795 —-
1586 1767 1900 1809 convenerat

50 1833 230 1880 autem
268 1827 533 1878 maximus
572 1827 836 1878 exercitus
863 1860 927 1865 -
967 1825 1269 1894 singillatim
1304 1827 1621 1891 iuraverunt,
1661 1827 1899 1896 episcopi

55 1895 268 1966 quidem
305 1904 378 1963 ut,
430 1903 686 1966 quantum
732 1894 876 1948 salvo
915 1896 1097 1948 ordine
1137 1914 1232 1948 5110
1269 1904 1499 1965 possent,
1545 1897 1666 1947 totis
1703 1897 1901 1948 viribus

53 1965 398 2019 ecclesiarum
452 1985 668 2017 suarum
713 1984 918 2017 necnon
971 1974 1022 2017 et
1074 1966 1233 2019 totius
1290 1965 1553 2017 Saxoniae
1608 1964 1902 2017 libertatem

55 2044 239 2089 contra
287 2054 468 2087 omnes
513 2036 752 2087 homines
803 2035 1165 2103 defenderent,
1212 2034 1334 2086 laici
1370 2053 1511 2100 vero,
1558 2042 1616 2085 ut
1653 2035 1906 2104 quamdiu

53 2106 294 2159 viverent
340 2105 636 2158 libertatem
688 2124 839 2156 suam
886 2123 993 2156 non
1042 2107 1356 2169 amitterent,
1407 2112 1702 2173 terramque
1753 2122 1904 2155 suam

55 2174 258 2227 nullum
296 2175 547 2245 deinceps
584 2174 840 2228 violenter
874 2174 1118 2244 praedari
1155 2175 1534 2244 permitterent.

195 2245 279 2297 27.
351 2246 464 2297 Nec
502 2245 666 2297 multo
705 2254 827 2313 post
862 2253 1007 2296 recta
1041 2246 1129 2296 via
1166 2245 1234 2296 ad
1273 2243 1629 2311 Hartesburg,
1678 2243 1769 2294 ubi
1807 2262 1900 2294 rex
1926 2257 2015 2296 :³119-

55 2323 183 2380 erat,
223 2333 344 2366 cum
382 2333 574 2384 magno
612 2316 850 2367 exercitu
886 2322 1246 2384 perrexerunt,
1292 2322 1343 2364 et
1381 2320 1561 2364 contra
1597 2312 1778 2364 urbem
1815 2313 1901 2377 ita,

56 2393 116 2437 ut
163 2385 286 2436 inde
332 2393 548 2454 possent
591 2385 785 2450 videri,
842 2393 1014 2436 castra
1060 2392 1364 2454 posuerunt.
1451 2382 1596 2446 Quos
1647 2398 1763 2431 cum
1812 2400 1906 2432 rex

57 2454 302 2520 vidisset,
351 2454 524 2506 subito
574 2454 787 2524 quidem
837 2464 1050 2523 stupore
1097 2452 1367 2523 perculsus
1418 2452 1655 2520 expavitg
1713 2450 1802 2502 sed
1850 2460 1907 2501 ut

56 2532 173 2576 erat
226 2523 608 2589 dissimulator,
681 2523 833 2593 quasi
895 2523 1058 2574 nichil
1112 2525 1301 2574 timens
1356 2522 1564 2572 nuntios
1602 2521 1756 2584 misit,
1815 2521 1903 2588 qui

54 2593 293 2646 dicerent
329 2613 384 2646 se
420 2612 526 2645 non
562 2612 751 2663 parum
787 2594 991 2657 mirari,
1031 2593 1157 2662 quid
1193 2591 1347 2643 vellet
1383 2599 1527 2642 tanta
1565 2590 1902 2658 congregatio

56 2663 264 2734 populi3
320 2683 376 2715 se
426 2682 533 2715 non
578 2671 788 2734 putare,
847 2663 989 2733 quod
1040 2663 1324 2731 quicquam
1363 2668 1541 2711 contra
1578 2677 1665 2710 605
1702 2666 1902 2708 tantum

53 2735 355 2800 meruisset,
412 2752 573 2804 quare
619 2734 806 2784 merito
855 2732 1007 2783 civile
1061 2731 1260 2784 bellum
1306 2731 1538 2798 incipere
1585 2727 1899 2778 debuissent.

55 2803 345 2855 Discedere
383 2822 473 2855 605
522 2802 587 2854 ab
639 2803 814 2854 armis.
891 2802 948 2854 Si
996 2802 1124 2871 quid
1161 2800 1487 2871 querendum
1536 2798 1786 2860 habeant,
1843 2815 1897 2847 sc

57 2882 301 2943 paratum
325 2874 500 2924 animo
526 2881 715 2942 pacato
743 2889 1076 2940 cognoscere,
1116 2879 1167 2922 et
1203 2871 1247 2921 si
1273 2870 1400 2940 quid
1428 2869 1494 2919 sit
1520 2865 1900 2934 corrigendum,

56 2943 274 2994 consilio
319 2945 619 3012 principum
666 2951 717 2993 et
763 2943 1055 2993 amicorum
1111 2958 1325 2992 suorum
1377 2938 1650 3005 corrigere.
1724 2935 1906 2986 Nuntii

57 3021 235 3065 autem
272 3021 422 3065 erant
457 3012 760 3065 Fridericus
810 3012 1088 3081 episcopus
1105 3021 1138 3075 1,
1185 3007 1501 3061 Bertholdus
1550 3005 1659 3056 dux
1674 3013 1709 3070 2,
1767 3004 1900 3072 Sigi-

56 3081 223 3134 fridus
276 3085 418 3151 regis
471 3081 810 3151 capellanus3.
893 3080 1031 3132 Nam
1093 3087 1327 3130 mortuus
1391 3078 1494 3127 iam
1556 3093 1723 3143 nuper
1791 3081 1900 3124 erat

56 3231 96 3272 a)
113 3242 147 3272 q.
163 3241 232 3273 per
253 3242 289 3268 u,
305 3243 334 3265 s.
352 3242 464 3271 quam
478 3232 704 3271 Luniburgk
723 3233 755 3264 1.
799 3230 838 3271 b)
855 3231 1145 3263 Heraldesfelde
1172 3232 1214 3271 13
1243 3225 1536 3260 Heroldesfelde
1565 3221 1626 3262 1¹³3
1653 3222 1853 3255 Heresfeld
1869 3223 1900 3252 2.

63 3339 110 3392 1)
154 3340 528 3383 Monasteriensz's.
672 3340 719 3395 2)
767 3339 1033 3381 Carintln'ae.
1184 3335 1228 3389 3)
1274 3336 1359 3385 Qui
1402 3349 1442 3376 a.
1499 3333 1626 3372 1077-
1688 3331 1910 3385 episcopus

62 3399 349 3457 Augustensz‘s
370 3402 524 3455 factus
558 3408 631 3443 est.
708 3401 767 3442 TV.

1497 3462 1528 3511 2
