2204 3765
503 112 706 153 BRUNO
741 113 822 152 DE
855 113 1052 155 BELLO
1088 114 1403 158 SAXONICO.
1814 121 1867 158 27

24 251 145 305 cuit
180 249 455 320 epistolam
493 267 804 318 supponere,
844 259 902 301 ut
927 269 994 301 ex
1018 251 1116 302 hac
1143 270 1322 305 omnes
1359 254 1503 321 alitis,
1541 258 1665 325 quia.
1692 275 1869 310 omnes
1891 280 1992 310 lou.

31 321 189 373 unius
227 319 371 371 modi
408 325 570 379 erant,
608 317 828 386 quilibet
863 321 1028 388 possit
1064 338 1364 389 agnoscere.

169 390 254 441 42.
324 389 572 440 Domnoa
610 389 925 456 Siyifridob
968 388 1169 441 Christi
1206 395 1541 445 sanctissimo
1592 396 1870 461 sacerdoti,

43 459 419 512 Werinlzerus⁰
455 457 572 508 licet
608 457 874 525 indigynus
910 467 1127 509 sanctae
1156 461 1676 531 *blayedaburyensis
1715 464 1867 513 eccle-

25 531 148 581 siae
187 527 647 596 archiepiscopuS,
697 533 744 575 et
789 546 906 577 cum
952 546 1009 578 eo
1060 547 1235 579 omnes
1275 531 1551 583 Saaeoniae
1590 532 1871 599 praesules

34 598 195 650 duces
232 598 458 662 comites,
496 604 543 647 et
571 597 828 654 ⁴universi
864 596 1023 647 simul
1061 597 1239 650 clerici
1275 600 1352 650 vel
1383 600 1531 665 laici,
1571 604 1758 668 massni
1796 604 1871 653 vel

19 668 215 737 parvi,
262 669 556 719 orationem
602 665 842 716 devotam
884 667 1101 732 pariter
1149 675 1194 716 et
1231 671 1528 720 servitutem
1568 672 1868 722 subiectam.

32 735 359 805 Multiplices
386 744 432 786 et
457 753 690 804 maynae
718 733 1105 800 tribulationes,
1134 755 1270 804 quae
1297 757 1393 788 nos
1420 743 1615 791 nostris
1633 744 1872 808 pcccatis

25 806 369 874 eoeiqentibus
417 803 896 856 inremediabiliter
946 807 1056 855 nisi
1096 808 1275 873 pietas
1331 809 1523 859 divina
1579 810 1872 861 subvenerit

34 874 310 945 affliqitoit,
351 876 582 926 omnium
622 876 716 942 qui
752 874 830 925 vel
861 874 1034 925 Deum
1073 876 1254 926 timent
1291 876 1371 926 vel
1409 897 1458 927 se
1497 878 1730 930 homines
1768 898 1874 929 esse

31 953 378 1014 cognoscunt,
423 943 856 996 misericordiam
906 943 1225 1011 suppliciter
1280 965 1531 1014 quaerere
1590 968 1682 998 nos
1739 967 1871 999 com-

18 1014 255 1085 pellunt.
362 1014 512 1066 Unde
573 1014 706 1082 quia
765 1020 989 1064 vestram
1053 1012 1417 1066 excellentiam
1473 1017 1645 1067 Deum
1699 1020 1876 1068 timere

20 1085 244 1155 pariter
269 1092 315 1136 et
341 1102 526 1135 amare
552 1084 935 1151 coqnoscimu&
963 1083 1268 1151 specialiter
1296 1085 1369 1135 acl
1396 1085 1650 1136 almitatis
1675 1095 1876 1137 vestrae

32 1155 461 1206 misericordiam
510 1152 874 1222 confuyimus,
923 1153 1195 1203 humiliter
1241 1162 1470 1218 oranteS,
1520 1163 1576 1204 ut
1618 1174 1721 1223 pro
1763 1158 1876 1222 ipso

32 1224 141 1275 Dei
176 1225 361 1276 timore
399 1241 624 1275 causam
663 1230 900 1274 nostram
939 1223 1075 1273 iuste
1096 1225 1346 1290 pensetis,
1386 1233 1430 1274 et
1463 1225 1511 1274 si
1536 1225 1680 1275 iusta
1698 1225 1879 1291 fuerit

32 1294 270 1359 inventa,
309 1293 716 1345 misericordiae
755 1299 959 1343 vestrae
996 1293 1148 1343 nobis
1187 1293 1457 1344 auoeilium
1494 1295 1671 1361 ipsius
1701 1313 1877 1345 amore

31 1364 291 1429 iustitiae,
331 1382 468 1432 quae
499 1362 743 1415 Christus
783 1369 872 1427 est,
910 1361 1178 1414 tribuatis.
1241 1362 1509 1416 Dominus
1558 1371 1733 1414 noster
1765 1382 1875 1429 rese,

20 1441 316 1503 postquam
336 1432 531 1501 factus
571 1432 880 1484 adolescens
919 1431 1116 1483 abiecto
1147 1434 1468 1500 principum
1506 1452 1721 1483 suorum
1756 1452 1873 1484 con-

32 1502 158 1554 silio
205 1505 294 1554 sui
342 1504 484 1554 iuris
530 1521 638 1553 esse
688 1503 885 1569 coepit,
931 1509 978 1552 et
1022 1520 1203 1553 eorum
1250 1505 1344 1570 qui
1390 1523 1481 1554 nec
1521 1522 1747 1572 aequum
1787 1522 1875 1553 nec

31 1572 230 1624 bonum
267 1574 628 1637 considerant,
666 1573 977 1641 mayisterio
1015 1590 1067 1622 se
1106 1573 1359 1636 subdidit,
1398 1592 1600 1641 semper
1652 1590 1743 1623 nos
1794 1573 1872 1621 in-

30 1642 184 1695 solito
221 1662 364 1694 more
403 1642 693 1712 quaerebat
730 1643 1046 1711 opprimere,
1087 1641 1224 1693 bona
1262 1650 1448 1693 nostra
1484 1642 1634 1693 nobis
1673 1644 1876 1709 cripere

26 1715 252 1782 suisque
275 1711 665 1779 familiaribus
702 1731 765 1763 ea
804 1712 1135 1775 contradere,
1174 1731 1282 1763 non
1322 1713 1380 1763 ob
1432 1710 1598 1764 aliam
1644 1710 1876 1779 culpam,

32 1783 145 1834 nisi
191 1784 326 1850 quia
370 1783 454 1834 illi
503 1782 649 1834 domi
692 1800 895 1850 parum
941 1781 1019 1832 vel
1069 1782 1237 1832 nichil
1276 1782 1538 1833 habebant
1586 1789 1631 1830 et
1678 1788 1876 1830 terram

32 1859 273 1903 nostram
309 1851 660 1920 fructuosam
713 1851 980 1904 videbant.
1069 1852 1257 1921 Itaque
1311 1853 1610 1902 munitiora
1665 1858 1876 1900 nostrae

31 1923 273 1991 reqionis
309 1922 429 1974 loca
451 1921 779 1990 fortissimis
818 1921 1050 1972 castellis
1089 1925 1385 1990 occupavit,
1436 1923 1496 1972 in
1545 1920 1737 1988 quibus
1787 1939 1874 1969 ar-

30 1999 201 2043 matos
239 2011 348 2044 non
379 2010 591 2060 paucos
630 1992 920 2057 constituit,
960 1992 1054 2060 qui
1092 2010 1187 2042 nos
1227 1999 1322 2042 aut
1347 1990 1608 2042 serviliter
1640 1990 1745 2040 sibi
1769 2007 1874 2039 ser-

31 2063 145 2113 vire
173 2062 540 2131 compellerent
566 2069 661 2112 aut
685 2061 979 2113 libertatem
1006 2059 1287 2129 defendere
1314 2061 1539 2112 volentes
1566 2059 1877 2111 occiderent.

33 2131 119 2183 Ibi
164 2140 374 2200 quanta
411 2132 684 2199 pericula,
735 2139 970 2200 quantas
1007 2131 1371 2196 contumelias,
1420 2139 1627 2199 quanta
1675 2129 1877 2179 damna

31 2204 91 2254 in
114 2204 312 2254 nostris
340 2202 671 2270 corporibus,
698 2203 758 2253 in
786 2202 984 2254 nostris
1011 2201 1288 2265 ruscoribus,
1314 2203 1373 2252 in
1395 2201 1591 2252 nostris
1614 2199 1874 2267 possessi-

28 2272 226 2323 onibus
254 2273 421 2341 passi
457 2290 642 2322 sumus
659 2271 698 2336 d,
736 2279 782 2322 et
820 2272 1052 2341 qualiter
1088 2272 1214 2322 inde
1252 2289 1345 2322 nos
1385 2271 1458 2321 ad
1496 2278 1697 2337 tempus
1724 2269 1875 2317 mise-

32 2342 278 2393 ricordia
301 2342 408 2392 Dei
432 2341 679 2393 liberavit
694 2350 730 2407 θ,
758 2344 890 2411 quia
915 2342 1061 2393 vobis
1088 2348 1269 2392 notum
1295 2359 1402 2392 esse
1429 2340 1693 2391 credimus
1711 2355 1876 2405 prae-

24 2413 267 2464 terimus,
338 2412 629 2481 Postquam
665 2430 787 2463 vero
826 2419 1125 2480 tempestate
1170 2418 1326 2461 tanta
1362 2408 1736 2461 misericordia
1773 2406 1879 2456 Dei

34 2482 223 2533 sedata
259 2501 456 2551 pacem
502 2489 548 2533 et
593 2483 834 2551 qratiam
881 2500 1037 2532 suam
1082 2480 1232 2532 nobis
1279 2480 1534 2545 reddidit,
1573 2475 1743 2529 nichil
1780 2493 1876 2525 nos

26 2553 230 2603 scimus
269 2560 457 2603 contra
495 2571 611 2602 eum
631 2552 836 2620 fecisse
851 2551 881 2616 f,
930 2551 1072 2601 unde
1109 2551 1290 2601 merito
1325 2550 1506 2600 debeat
1531 2551 1591 2599 in
1620 2565 1715 2598 nos
1742 2546 1874 2596 reci-

29 2621 166 2673 diva
202 2620 338 2673 bella
373 2640 595 2673 movere.
668 2622 911 2673 Praedia
951 2640 1086 2690 quae
1125 2620 1444 2689 querebatur
1489 2618 1685 2679 ablata,
1733 2614 1875 2683 lega-

27 2692 102 2742 tis
139 2692 318 2760 ipsius
355 2692 711 2755 reddidimus,
752 2692 916 2744 donec
951 2693 1064 2759 ipsi
1088 2690 1252 2759 le9ati
1277 2691 1548 2752 cliwerunt,
1577 2684 1743 2737 nichil
1769 2702 1876 2734 esse

30 2761 298 2830 reliquum
358 2762 502 2830 quod
557 2762 778 2814 reddere
835 2761 1151 2812 deberemus.
1256 2757 1488 2811 Castella
1542 2756 1620 2807 vel
1673 2762 1871 2806 ceteras

33 2833 358 2883 munitiones
383 2835 551 2900 quas*
576 2835 637 2884 in
658 2833 855 2884 nostris
872 2832 1129 2901 partibus
1152 2829 1357 2879 destrui
1375 2826 1669 2895 praecepit,
1699 2840 1872 2875 omnes
1891 2842 1944 2883 *μ
1961 2844 2041 2876 3ι4.

30 2901 452 2971 confreyimusg,
498 2903 610 2953 nisi
656 2920 793 2971 quas
842 2903 954 2969 ipse
999 2899 1153 2951 nobis
1196 2896 1531 2949 nolentibush
1579 2903 1718 2946 stare
1749 2910 1872 2960 per-

33 2972 195 3022 misit.
267 2973 350 3023 De
387 2974 709 3024 monasterio
748 2990 844 3023 suo
884 2971 1146 3021 destructo
1181 2968 1260 3019 vel
1285 2970 1348 3020 de
1374 2966 1633 3035 sepulcris
1659 2959 1876 3042 filiievel

14 3038 233 3109 fratris
269 3043 357 3093 sui
392 3041 609 3093 violatis
646 3049 692 3093 et
730 3042 933 3093 ossibus
972 3058 1151 3090 eorum
1199 3039 1436 3088 disiectis
1484 3054 1601 3086 eum
1647 3031 1876 3111 qualiter

13 3116 241 3185 factum
277 3115 346 3165 sit
385 3112 688 3177 audieritis,
727 3113 858 3179 quia
896 3129 993 3160 nos
1021 3127 1203 3159 sumus
1228 3109 1532 3158 innocentes
1561 3108 1874 3171 aqnoscetis.

37 3276 74 3319 a)
102 3277 269 3309 Domino
305 3277 339 3315 1,
373 3273 433 3304 sed
466 3271 569 3303 initio
600 3270 743 3310 prologi
776 3273 806 3300 et
840 3268 943 3309 infra
979 3277 1005 3297 c.
1035 3267 1081 3297 49
1119 3267 1258 3298 Domn,
1287 3273 1357 3304 qua
1392 3262 1487 3317 verti
1511 3260 1636 3299 forma
1660 3257 1878 3312 'Erunonem

31 3327 180 3366 saepius
205 3335 308 3357 usum
334 3331 405 3354 esse
431 3322 606 3357 existimo,
640 3320 700 3350 sect
733 3318 860 3349 codicis
887 3317 1131 3347 auctoritatem
1155 3318 1292 3345 secutus
1318 3314 1356 3343 in
1391 3321 1429 3342 re
1455 3312 1590 3341 incerta
1625 3306 1715 3361 nik-tt
1741 3309 1879 3360 ‘mutare

34 3378 143 3409 votui.
182 3376 231 3409 W.
333 3370 371 3411 b)
403 3370 438 3402 S.
463 3373 495 3401 1.
575 3369 609 3412 c)
627 3370 684 3401 W.
709 3369 739 3399 1.
818 3364 855 3406 d)
885 3366 1001 3396 simus
1030 3366 1062 3395 2.
1140 3365 1174 3403 e)
1203 3362 1422 3394 liberaverit
1450 3360 1482 3391 2.
1560 3355 1587 3396 f)
1616 3355 1818 3393 dehqulsse
1846 3355 1879 3385 2.

33 3425 76 3469 g)
103 3428 155 3458 ita
182 3428 221 3467 23
249 3421 496 3459 confligimus
526 3422 557 3452 1.
662 3416 700 3458 h)
731 3416 943 3449 volentibus
973 3416 1004 3446 2.
