2204 3765
245 93 301 132 88
718 89 918 130 BRUNO
951 89 1034 128 DE
1068 86 1268 127 BELLO
1303 87 1620 130 SAXONICO.
2162 86 2178 112 ¹·

118 230 389 299 1079,quod
415 228 743 295 aedificastis
769 246 878 278 non
906 227 1172 277 destruite.
1235 224 1300 276 Si
1338 228 1478 277 enim
1515 228 1607 277 ina
1651 229 1860 295 incepto
1897 229 2090 278 itinere

246 308 539 351 retrorsum
592 298 764 350 redire
815 304 859 347 et
929 295 986 346 ob
1038 294 1409 362 difficultatem
1465 295 1787 346 diverticula-
1837 313 2090 364 quaerere

245 368 422 433 vultis,
465 387 571 418 non
609 366 771 417 solum
807 365 1088 416 vulnerata
1115 382 1223 414 non
1251 366 1478 428 sanatis,
1518 365 1609 415 sed
1635 383 1770 433 quae
1798 383 1935 416 sana
1965 374 2090 416 sunt

250 438 558 489 vulneratis.
631 435 776 486 Nam
827 437 876 485 si
925 452 987 484 ea
1044 432 1442 484 dissimulando
1495 451 1631 501 quae
1680 442 1855 485 vestra
1903 437 2091 486 statuit

245 509 559 566 auctoritas,
589 523 684 555 nos
715 507 769 555 in
809 504 985 554 media
1012 511 1325 570 tempestate,
1366 521 1525 571 quam
1543 521 1650 570 pro
1677 503 1823 554 vobis
1850 505 2088 555 incurri-

242 595 376 640 mus,
417 574 800 642 derelinquitis,
839 574 982 624 testis
1009 580 1081 623 est
1106 590 1271 639 super
1297 591 1393 623 nos
1429 571 1623 623 coelum
1650 580 1695 623 et
1719 579 1881 637 terra,
1919 571 2091 640 quiab

247 647 440 696 iniuste
472 643 683 710 perditi
723 661 919 693 sumus,

388 713 499 763 115.
574 711 708 762 Item
746 720 865 780 post
902 709 1116 779 aliquod
1154 711 1406 778 temporis
1456 709 1787 762 intervallum
1833 717 2092 762 nostrates

242 782 377 833 hano
409 779 682 851 epistolam
711 779 904 831 domno
931 777 1219 847 apostolico
1247 782 1526 830 miserunt:
1563 780 1692 831 Non
1730 780 1855 831 latet
1892 783 2090 832 sancti-

243 860 398 902 tatem
442 859 681 915 cestram,
723 858 957 919 quantas
1008 848 1151 900 vobis
1191 849 1480 900 obediendo
1503 851 1903 918 persecutiones
1931 851 2094 919 passi

242 940 441 985 sumus,
482 921 742 989 quomodo
783 920 1050 970 aestimati
1088 937 1270 969 sumus
1296 920 1433 970 sicut
1471 938 1587 970 oves
1627 921 1928 984 occisionis,
1969 937 2093 989 quo-

242 990 395 1041 modo
423 990 618 1041 traditi
656 1008 835 1040 sumus
867 990 923 1040 in
947 987 1209 1056 fabulam
1236 997 1281 1039 et
1311 991 1366 1039 in
1396 990 1799 1058 improperium.
1875 989 1939 1041 Si
1963 1007 2091 1058 erqo

241 1059 376 1110 talia
409 1079 518 1127 pro
563 1059 702 1110 cobis
741 1058 1047 1109 sustinendo
1088 1056 1257 1110 nichil
1295 1080 1324 1107 a
1369 1059 1509 1109 vobis
1536 1060 1751 1127 ¹qratiae
1782 1060 2094 1124 meruimus,

242 1149 335 1180 nec
389 1130 548 1199 cliqni
593 1146 777 1180 sumus
825 1147 1047 1197 quorum
1096 1128 1405 1178 liberationi
1441 1130 1678 1180 studium
1715 1129 2093 1196 impendatur:

243 1218 412 1268 quare
451 1199 631 1250 saltem
675 1200 897 1263 iustitia,
937 1215 1072 1266 quae
1099 1216 1191 1247 nec
1216 1199 1457 1249 inimicis
1485 1198 1798 1267 deneganda
1825 1206 1912 1264 est,
1940 1198 2093 1249 nobis

243 1268 574 1338 denegatam-:2
658 1268 722 1319 Si
769 1286 893 1336 erqo
941 1269 1141 1317 iustum
1192 1275 1278 1332 est,
1329 1267 1471 1335 quod
1514 1269 1713 1318 iustum
1760 1285 1865 1319 esse
1910 1268 2092 1319 multis

247 1342 429 1389 cestris
485 1337 882 1389 hortationibus
934 1336 1246 1400 didicimus,
1304 1335 1502 1387 scilicet
1556 1345 1612 1386 ut
1666 1336 1752 1388 illi
1804 1340 2094 1389 sententiae

49 1418 104 1461 *ν-
136 1420 219 1453 37⁷-
245 1416 444 1459 cestrae
482 1426 618 1476 quae
656 1408 715 1457 in
755 1405 1105 1456 Heinricum*
1136 1408 1403 1472 processit
1441 1407 1774 1471 obediamus,
1818 1403 1903 1458 illi
1939 1408 2033 1475 qui
2069 1426 2094 1458 e

240 1479 514 1529 contrario
542 1477 705 1528 eidem
735 1477 1023 1527 sententiae
1055 1483 1253 1526 cestrae
1279 1476 1502 1542 superbe
1528 1484 1842 1545 repuw‘qnant
1856 1485 1889 1541 ⁰,
1927 1494 2095 1545 quare

241 1548 527 1598 secundum
566 1548 830 1597 iustitiam
870 1564 977 1595 non
1018 1545 1498 1614 constringuntur?
1539 1564 1707 1613 quare
1725 1564 1835 1613 pro
1875 1546 1975 1597 hac
2012 1547 2094 1597 in-

243 1617 541 1668 obedientia
580 1615 787 1666 nullam
829 1613 1155 1682 apostolicae
1193 1616 1483 1684 gyrat-itatis
1512 1634 1794 1666 censuram
1820 1615 2092 1666 sentiunt?

243 1705 408 1754 quare
459 1685 566 1737 illis
618 1685 949 1750 conceditur,
1001 1684 1142 1752 quod
1190 1693 1298 1736 tam
1342 1687 1479 1753 ipsis
1533 1704 1691 1753 quam
1736 1685 1890 1736 nobis
1929 1687 2092 1737 inter-

242 1757 434 1807 dictum
492 1755 597 1807 esti2
648 1763 741 1806 aut
794 1755 1051 1823 quomodo
1104 1752 1214 1806 illis
1263 1755 1405 1819 licet,
1455 1756 1597 1823 quod
1643 1755 1797 1806 nobis
1845 1753 2094 1807 illicitum

223 1825 439 1894 factum
481 1825 586 1877 est?
662 1826 795 1876 Ecce
837 1825 948 1891 ipsi
983 1826 1098 1874 sine
1139 1826 1284 1875 omni
1322 1825 1745 1876 contradictione
1783 1832 1974 1890 vestra,
2011 1824 2097 1877 illi

242 1895 314 1946 ad
361 1895 621 1946 obtentum
658 1896 816 1963 regni
855 1893 1121 1944 auoeilium
1159 1894 1441 1961 praebent,
1483 1897 1571 1945 cui
1609 1913 1700 1946 vos
1726 1897 1885 1964 reqni
1907 1895 2095 1964 quber-

239 1963 442 2016 nacula
480 1965 874 2029 interclioeistis;
914 1963 997 2013 illi
1033 1965 1169 2014 sicut
1193 1966 1311 2032 reqi
1336 1966 1591 2029 serviunt,
1633 1984 1780 2033 quem
1814 1982 1904 2015 vos
1930 1983 2095 2034 usque

242 2035 374 2086 adeo
416 2055 449 2085 a
487 2036 643 2103 reqia
672 2034 937 2102 diqnitate
966 2033 1307 2100 deposuistis,
1348 2042 1406 2084 ut
1432 2052 1607 2085 omnes
1637 2054 1670 2084 a
1696 2033 1910 2086 vinculo
1938 2036 2093 2086 iura-

241 2106 416 2169 menti,
457 2105 597 2173 quod
636 2106 684 2154 ei
704 2105 960 2172 fecerunt
1003 2102 1320 2171 velfacient,
1350 2103 1687 2155 absolveretis
1699 2122 1719 2169 ;
1758 2102 1842 2155 illi
1860 2105 2092 2171 partici-

231 2175 426 2242 pando
465 2175 872 2237 communicant,
913 2192 1062 2241 quem
1100 2172 1308 2242 leyatus
1353 2180 1571 2224 sanctae
1607 2174 1890 2225 Romanae
1934 2173 2092 2225 eccle-

239 2246 353 2295 siae
376 2244 548 2295 denuo
571 2244 673 2295 sibi
698 2243 1243 2312 reyniqubernacula
1271 2244 1690 2295 contradicendo
1708 2243 1730 2275 ‘¹
1760 2263 1793 2294 a
1818 2243 2096 2295 liminibus
2170 2263 2177 2270 ⁴

242 2322 462 2365 sanctae
509 2313 757 2364 ecclesiae
809 2314 1113 2380 separavi&
1165 2312 1245 2364 illi
1292 2314 1364 2364 ad
1413 2315 1815 2380 oppressionem
1852 2322 2094 2366 nostram

241 2403 357 2434 cum
399 2386 543 2436 omni
581 2383 757 2433 studio
795 2384 935 2432 vires
977 2382 1382 2434 administrant.
1462 2381 1734 2451 Quicquid
1777 2385 1918 2435 enim
1962 2383 2095 2435 mali

229 2455 499 2521 patimur,
541 2453 606 2503 ab
646 2452 754 2503 illis
783 2453 1034 2520 patimur
1072 2471 1203 2520 quos
1251 2471 1340 2503 vos
1380 2452 1669 2520 prohibere
1715 2460 1762 2503 et
1810 2453 2002 2505 debetis
2048 2460 2095 2504 et

232 2524 470 2591 potestis.
551 2520 757 2582 Quibus
807 2521 928 2572 dum
972 2521 1125 2572 nulla
1175 2542 1208 2574 a
1257 2523 1403 2575 vobis
1448 2524 1765 2574 auctoritate
1809 2525 2094 2585 resistitur,

241 2595 356 2644 sine
383 2593 543 2644 dubio
573 2593 645 2643 ad
671 2593 1086 2643 internecionem
1114 2600 1351 2643 nostram
1369 2592 1548 2659 frena
1574 2592 1855 2643 laoeantur.
1915 2592 2098 2662 Iqitur

79 2672 111 2702 2-
142 2669 220 2703 00⁷·-
240 2671 417 2714 vestra
454 2662 550 2713 illa
572 2661 799 2730 famosa
828 2664 1176 2727 strennuitas,
1217 2682 1354 2731 quae
1379 2664 1539 2713 iuncta
1567 2661 1867 2730 apostolum
1891 2681 2097 2731 semper

106 2720 161 2760 ¹⁰⁷
191 2720 221 2751 θ’
241 2734 300 2784 in
318 2739 581 2800 promptu
608 2732 796 2783 habuit
820 2731 1010 2782 ulcisci
1036 2750 1236 2782 omnem
1263 2732 1696 2797 inobedientiam,
1735 2751 1902 2800 quare
1932 2733 2094 2784 istam

238 2820 346 2852 non
367 2800 680 2853 ulciscitur?
714 2799 894 2860 Quare
914 2802 1074 2852 istam
1101 2801 1428 2867 dissimulat,
1451 2809 1497 2852 et
1514 2801 1671 2853 talem
1692 2802 1902 2870 quidem
1921 2802 2095 2854 inobe-

239 2871 513 2935 dientiam,
552 2871 613 2922 de
639 2889 749 2938 qua
773 2870 919 2921 mala
944 2871 1235 2922 inauditae
1265 2873 1534 2936 oriuntur,
1560 2871 1707 2922 mala
1734 2889 1958 2940 quorum
1984 2891 2093 2923 non

239 2950 311 2992 est
349 2940 641 2992 numerus?
714 2938 779 2991 Si
805 2940 1023 3008 quando
1049 2943 1278 2992 miserae
1304 2959 1401 2993 nos
1430 2959 1547 2992 oves
1574 2943 1633 2992 in
1663 2941 1846 3010 aliquo
1873 2942 2095 2993 eoecessi-

238 3028 368 3076 mus,
419 3010 694 3077 confestim
732 3011 847 3059 sine
887 3029 1057 3075 mora,
1095 3013 1209 3062 sine
1246 3011 1507 3063 dilatione
1542 3012 1602 3061 in
1641 3029 1736 3062 nos
1764 3011 2093 3078 apostolicae
2174 3055 2177 3059 .

240 3081 572 3131 austeritatis
597 3079 840 3130 vindicta
863 3081 1141 3146 processit.
1179 3080 1344 3131 Nunc
1368 3087 1541 3131 autem
1562 3099 1678 3131 cum
1707 3080 1780 3131 ad
1798 3081 1955 3148 lupos
1966 3099 2092 3149 per·
2166 3078 2204 3141 st'f

237 3158 447 3200 ventum
486 3152 698 3217 est,‘qui
723 3150 929 3216 apertis
954 3150 1216 3200 morsibus
1242 3151 1301 3201 in
1328 3169 1540 3219 qreqem
1567 3151 1894 3202 dominicum
1915 3150 2092 3202 desae-

238 3221 408 3284 viunt,
432 3220 613 3270 omnia
637 3237 754 3269 cum
765 3219 1042 3287 patientia
1061 3226 1105 3268 et
1116 3219 1529 3287 longanimitate
1542 3218 1885 3288 differuntur,
1910 3223 2093 3272 omnia

236 3290 298 3340 in
325 3291 524 3356 spiritu
550 3288 789 3338 lenitatis
815 3287 1132 3342 tolerantur.
1171 3290 1450 3359 Roqamus
1477 3308 1601 3359 erqo
1627 3308 1718 3341 vos
1735 3288 1752 3322 f
1773 3308 1872 3358 per
1901 3308 2090 3341 nomen

235 3406 274 3498 g)
303 3408 350 3440 ab
379 3410 411 3442 2.
514 3407 550 3449 b)
581 3409 680 3447 quod
709 3409 741 3440 2.
855 3407 887 3450 c)
918 3409 1147 3449 repugnavit
1176 3411 1207 3441 1.
1320 3407 1356 3451 d)
1383 3409 1644 3441 interdicendo
1673 3410 1706 3441 9..
1819 3407 1855 3450 e)
1882 3409 2033 3442 infinita
2061 3410 2093 3442 2.
2163 3400 2178 3428 .'

296 3458 385 3489 deest
415 3460 447 3491 1.
