2204 3765
128 258 233 290 1080.

79 306 159 338 Ian.
177 307 235 338 27.

70 740 136 783 Ῥ.
153 743 234 776 378.

131 2351 236 2383 1079.

252 109 308 146 90
721 107 923 147 BRUNO
959 106 1039 145 DE
1073 105 1271 146 BELLO
1306 104 1622 147 SAXONICO.

251 246 393 311 tutis,
445 245 580 296 sicut
629 244 943 312 dispositum
991 242 1176 310 fuerat,
1225 244 1339 311 ipse
1384 242 1582 295 bellum
1627 244 1827 312 primus
1870 244 2104 313 incipere
2165 265 2169 268 ’

251 332 355 366 non
401 314 641 382 refugiat.
716 312 818 365 Cui
861 312 971 363 dux
1017 310 1144 364 Otto
1193 313 1488 382 respondit,
1539 313 1583 364 si
1633 312 1735 364 sibi
1783 313 1918 365 sicut
1953 321 2103 382 puta-

251 384 444 436 bantur
478 384 687 452 primoa
725 382 1006 447 venissent,
1047 400 1102 434 se
1128 381 1424 433 nullatenus
1451 400 1634 433 eorum
1658 381 1966 434 violentiam
2001 382 2105 435 for-

253 453 483 516 midare3
523 469 661 502 nunc
698 468 824 502 vero
864 470 918 503 se
956 469 1063 502 non
1099 469 1255 520 posse
1294 470 1420 502 suae
1457 451 1680 520 legionis
1708 451 1945 502 ordinem
1983 469 2104 502 con-

252 532 480 587 vertere3
529 530 579 572 et
625 521 848 589 rogavit,
895 528 952 572 ut
1001 519 1072 571 illi
1112 519 1302 590 quibus
1339 522 1510 590 primo
1547 523 1830 586 venissent,
1869 538 1959 572 eos
1995 527 2107 573 tota

253 593 443 643 virtute
482 591 825 658 susciperent,
863 591 1173 659 promittens
1211 609 1265 641 se
1294 609 1414 641 cum
1441 591 1668 659 primum
1706 598 1900 659 posset,
1939 590 2013 641 eis
2050 590 2107 641 in

253 659 508 711 auxilium
558 668 857 710 venturum.
942 660 1188 729 Denique
1238 659 1401 711 multo
1453 659 1603 711 aliter
1649 661 1899 729 incipitur
1948 676 2106 728 quam

254 730 571 798 dispositum
620 729 820 783 fuisset.
908 729 1044 779 Nam
1092 730 1396 780 novissimi*
1447 729 1582 780 fiunt
1629 730 1803 798 primi,
1853 737 1904 780 et
1947 729 2106 798 primi

251 799 541 850 novissimi.
614 797 824 849 Acriter
860 799 1037 867 itaque
1074 799 1336 868 utrimque
1374 808 1657 868 pugnatur,
1705 799 1798 850 sed
1843 806 2109 851 momento

250 869 403 920 brevi
439 869 633 919 finitur.
706 868 843 918 Nam
883 868 1121 920 Saxones
1159 869 1412 919 citissime
1451 869 1706 934 conversi,
1744 868 1981 919 hostibus
2019 869 2111 938 qui

253 938 352 989 sibi
391 946 643 989 venerant
680 955 710 987 a
736 948 901 1005 tergo,
939 936 1118 988 vultus
1144 936 1419 989 horribiles
1447 938 1744 1004 ostendunt,
1782 946 1834 989 et
1857 955 1963 989 non
1989 945 2109 989 ante

253 1009 555 1077 quiescunt,
607 1026 765 1077 quam
813 1025 902 1058 eos
951 1008 1004 1057 in
1049 1007 1230 1076 fugam
1267 1026 1446 1059 versos
1494 1008 1595 1060 sibi
1631 1017 1780 1077 terga
1815 1015 2108 1059 monstrare

253 1076 593 1146 compellunt.
666 1078 910 1128 Victores
954 1078 1131 1147 itaque
1171 1077 1410 1129 Saxones
1456 1079 1667 1144 reversi,
1713 1075 1922 1142 multas,
1972 1077 2110 1129 sicut

253 1148 490 1212 decebat,
541 1146 722 1197 laudes
771 1147 1068 1199 referebant
1113 1149 1349 1198 omnium
1395 1147 1654 1198 bonorum
1693 1147 1947 1215 largitori.
2021 1145 2110 1197 Ex

251 1218 443 1269 nostris
482 1225 656 1268 autem
695 1218 855 1267 iacuit
891 1218 944 1267 in
982 1216 1071 1267 illo
1110 1216 1309 1286 proelio
1346 1217 1729 1286 meginfridusb
1756 1215 2108 1284 Magedabur-

251 1288 427 1356 gensis
465 1286 785 1355 praefectus,
824 1297 926 1338 exc
975 1285 1078 1337 illis
1123 1305 1250 1338 vero
1289 1286 1654 1352 Folcmarusd,
1707 1295 1788 1338 ete
1826 1286 2109 1354 Pragensis

252 1356 565 1426 praefectus,
605 1366 654 1407 et
693 1374 812 1406 cum
852 1357 925 1406 eis
954 1356 1294 1406 Boemiorum
1335 1365 1730 1424 ceterorumque
1765 1374 1874 1406 non
1910 1373 2110 1425 parvus

251 1444 516 1477 numerus.
596 1425 900 1476 Heinricum
939 1434 1133 1491 autem,
1175 1426 1265 1495 qui
1301 1444 1428 1476 mox
1465 1427 1675 1494 incepto
1716 1423 1914 1494 proelio
1951 1424 2110 1493 fugae

254 1515 307 1547 se
357 1495 767 1557 commendavit,
813 1494 1157 1563 Lothowigus
1206 1514 1300 1564 per
1349 1495 1535 1546 silvam
1585 1495 1784 1547 semitis
1827 1493 2112 1547 latentibus

253 1565 492 1617 abduxit.
572 1565 855 1616 Exercitus
903 1584 1027 1616 vero
1080 1566 1192 1616 eius
1242 1583 1349 1615 non
1396 1565 1550 1633 longe
1596 1572 1717 1634 post
1758 1564 1826 1615 ad
1875 1564 2112 1616 eiusdem

252 1636 407 1704 fugae
455 1634 777 1703 praesidium
831 1643 1070 1700 coactus,
1119 1637 1269 1686 iuxta
1325 1635 1592 1703 quoddam
1649 1633 1921 1686 castellum
1971 1633 2114 1704 quod

254 1705 446 1756 dicitur
484 1704 836 1773 Wa1·tbergf-1
875 1705 1128 1773 fatigatus
1168 1706 1418 1771 consedit,
1457 1714 1509 1757 et
1544 1704 1643 1770 ibi,
1684 1704 1852 1756 donec
1892 1703 2023 1755 cibis
2062 1712 2115 1757 et

253 1776 433 1844 requie
472 1785 837 1826 recrearentur
874 1793 1112 1844 corpora,
1151 1776 1470 1844 repausavit.
1545 1775 1818 1826 Nostrates
1855 1792 1979 1826 vero
2019 1774 2112 1844 qui

255 1843 526 1896 castellum
567 1845 830 1909 tenebant,
869 1845 1072 1913 impetu
1110 1845 1284 1896 subito
1325 1864 1414 1896 eos
1441 1845 1693 1909 insiliunt,
1733 1851 1785 1896 et
1816 1844 1890 1897 eis
1915 1843 2114 1912 fugatis

256 1916 432 1966 onmia
458 1933 626 1983 paene
654 1934 789 1984 quae
817 1915 1080 1966 habebant
1107 1915 1375 1983 diripiunt,
1403 1933 1582 1984 equos,
1611 1933 1772 1980 arma,
1801 1932 1930 1965 vasa
1955 1932 2115 1965 aurea

255 1994 307 2035 et
344 1993 610 2052 argentea,
650 1986 801 2053 piper
839 1994 889 2036 et
927 1984 1027 2036 alia
1064 1986 1352 2053 pigmenta,
1403 1984 1563 2053 pallia
1600 1994 1650 2037 et
1686 1986 1920 2053 pretiosa
1954 1983 2114 2035 vesti-

253 2062 444 2107 menta.
521 2054 652 2105 Erat
689 2058 826 2105 enim
866 2056 921 2105 in
960 2055 1145 2106 eadem
1185 2056 1434 2107 societate
1473 2054 1775 2124 patriarcha
1807 2063 1857 2106 et
1883 2053 1971 2105 alii
1997 2070 2113 2123 par-

253 2125 386 2175 tium
407 2123 613 2174 illarum
633 2126 918 2193 principes,
948 2125 1039 2194 qui
1059 2142 1234 2175 secum
1265 2125 1475 2176 divitias
1495 2132 1838 2194 portaverant
1857 2125 2114 2193 ingentes.

254 2194 478 2245 Factum
517 2203 595 2245 est
633 2203 807 2245 autem
847 2195 945 2246 hoc
982 2196 1192 2246 tertium
1230 2195 1490 2264 proelium
1530 2213 1666 2246 anno
1704 2194 1925 2246 Domini
1964 2193 2116 2261 1080,

255 2265 301 2320 6,
341 2263 567 2317 Kalend.
607 2264 879 2330 Februar.,
916 2264 1047 2316 feria
1084 2268 1131 2316 2.

398 2334 548 2385 Mag
638 2334 795 2402 Ipso2
844 2353 981 2386 anno
1033 2334 1259 2385 domnus
1315 2333 1636 2403 apostolicus
1690 2334 1745 2384 in
1797 2333 2116 2386 Teutonicas

254 2412 430 2472 partes
469 2421 500 2453 a
526 2404 764 2472 synodo3
805 2405 1097 2456 subiectam
1123 2405 1266 2456 misit
1292 2402 1626 2473 epistolamh:
1668 2404 1966 2473 Gregorius
2003 2405 2116 2472 epi-

255 2474 478 2541 scopusi
530 2493 713 2525 servus
762 2493 1034 2526 servorum
1084 2474 1215 2540 Dei,
1283 2476 1523 2527 omnibus
1589 2474 2014 2542 archiepiscopis
2070 2480 2117 2525 et

256 2545 525 2612 episcopis
563 2546 621 2595 in
664 2546 949 2597 Teutonico
990 2552 1147 2614 atque
1184 2546 1242 2595 in
1269 2544 1547 2597 Saxonieo
1575 2563 1741 2613 regno
1781 2561 2114 2596 commanen-

257 2614 461 2679 tibusk,
510 2614 858 2684 omnibusque
896 2615 1282 2683 principibus,
1330 2617 1537 2666 cunctis
1587 2615 1748 2666 etiam
1790 2613 2114 2666 maioribu8¹

259 2692 414 2752 atque
463 2685 787 2750 minoribus,
841 2686 934 2753 qui
983 2704 1093 2736 non
1139 2692 1265 2735 sunt
1314 2685 1759 2736 excommunicati
1808 2691 1854 2734 et
1902 2682 2113 2734 obedire

257 2754 540 2818 voluerint,
579 2752 805 2805 salutem
843 2762 888 2805 et
936 2754 1285 2822 apostolicam
1333 2755 1763 2806 benedictionem.
1840 2751 2113 2812 Quoniam

262 2871 297 2913 a)
328 2873 490 2912 primum
520 2873 765 2905 obvenissent
793 2874 826 2905 2.
964 2872 1004 2915 b)
1031 2875 1083 2905 ita
1112 2876 1154 2913 23
1183 2875 1409 2906 Meinfridus
1440 2877 1470 2907 1.
1599 2873 1632 2914 c)
1663 2877 1699 2905 et
1726 2883 1773 2906 ex
1801 2875 1834 2909 1,
1963 2872 2001 2914 d)
2028 2873 2115 2905 Fal-

259 2929 386 2952 marus
409 2924 444 2960 l;
463 2922 685 2953 volcmarus
704 2918 757 2956 lb.
774 2932 800 2954 c.
819 2923 946 2956 Dresd.
1041 2922 1075 2962 e)
1102 2925 1217 2955 etiam
1236 2920 1290 2956 lb.
1308 2934 1336 2956 c.
1354 2924 1580 2962 Dresdjorc.
1595 2927 1694 2954 recte.
1797 2921 1829 2963 f)
1857 2923 2060 2955 Wartberh
2080 2923 2113 2954 2.

260 2968 297 3009 g)
325 2971 430 3000 codex
455 2971 603 3001 ‘nonnisi
629 2971 667 3001 in
693 2980 773 3002 voce
800 2971 1008 3010 Gregorius
1044 2974 1144 3003 aliud
1178 2978 1284 3012 caput
1318 2974 1471 3006 orditur.
1595 2972 1634 3013 h)
1663 2973 1717 3002 hic
1740 2972 1914 3009 collatam,
1941 2980 2051 3012 aeque
2076 2974 2116 3002 ut

260 3019 371 3049 altera
422 3028 511 3058 quae
561 3020 740 3060 sequitur,
798 3030 874 3051 cum
919 3022 1127 3060 apoqrapko
1175 3031 1264 3054 saec.
1302 3022 1360 3052 XI
1399 3023 1438 3053 in
1483 3023 1557 3053 cod.
1601 3022 1680 3053 bibl.
1732 3022 1822 3055 cath.
1876 3021 1977 3052 Trev.
2031 3021 2114 3052 102.
2170 3043 2193 3055 ·.

260 3066 287 3107 i)
317 3068 406 3098 deest
436 3070 466 3100 1.
496 3069 530 3100 2.
630 3067 669 3108 k)
700 3071 1021 3100 commorantibus
1052 3070 1090 3103 T.
1119 3071 1194 3104 rell.
1294 3070 1321 3111 1)
1350 3072 1441 3104 min.
1467 3081 1499 3103 a.
1529 3071 1605 3102 mai
1634 3072 1667 3101 1.

266 3176 310 3229 1)
354 3175 596 3231 W'artburq.
662 3177 711 3218 P.
839 3175 886 3231 2)
921 3177 1146 3231 Epistolae
1178 3179 1288 3220 istae
1312 3195 1426 3222 anno
1455 3180 1585 3221 1079.
1621 3181 1808 3234 scriptae
1842 3193 1931 3221 esee
1961 3179 2112 3221 viden-

263 3242 360 3286 tur5
392 3237 445 3290 cf.
478 3238 707 3278 Bertlzoldi
745 3238 941 3279 Annales
982 3239 1101 3281 Mon.
1136 3240 1278 3282 Germ.
1313 3240 1395 3282 SS.
1441 3241 1498 3291 V,
1532 3257 1567 3295 p
1621 3242 1723 3284 318.
1783 3241 1952 3281 Paulus
1985 3239 2115 3282 etiam

262 3297 421 3338 Ber-nr.
456 3313 552 3351 cap.
590 3300 687 3339 105.
714 3298 910 3350 priorem
943 3301 1169 3352 epistolam
1203 3316 1317 3343 anno
1355 3304 1485 3344 1079.
1521 3303 1729 3356 assiynat.
1761 3301 1813 3343 P.
1907 3299 1955 3355 3)
1991 3301 2115 3351 Quae

262 3373 403 3400 mense
436 3359 538 3399 Feb.
565 3374 606 3399 a.
634 3360 747 3398 1079
787 3360 1001 3401 celebrata
1033 3369 1106 3402 est.
1172 3362 1230 3403 In
1261 3362 1444 3418 registro
1479 3364 1560 3405 hae
1593 3363 1799 3418 epistolae
1837 3376 1926 3403 non
1965 3363 2114 3417 lequu-

226 3464 230 3467 ,
264 3426 361 3468 ηπ,-
395 3434 421 3460 α
453 3420 591 3472 Iaffe'o
626 3420 768 3462 editae
800 3428 901 3462 sunt
934 3420 1055 3463 Mon.
1091 3422 1267 3477 ἅτερον.
1293 3439 1344 3477 p.
1381 3426 1468 3465 550
1501 3438 1591 3478 sqq.
1663 3424 1721 3465 W.

2163 3699 2167 3706 -
2155 3624 2188 3654 ι’
2160 3483 2197 3559 mz-
2156 3155 2199 3465 miracu-:ageas
2184 3119 2186 3121 -
