2204 3765
577 127 777 168 BRUNO
810 128 891 167 DE
926 129 1125 170 BELLO
1160 132 1471 175 SAXONICO.
1878 146 1929 184 91

98 285 165 319 em
200 264 289 317 lite
315 273 362 317 et
386 265 736 329 dissensione,
764 282 899 331 quae
925 269 1133 319 tamdiu
1163 271 1299 320 inter
1326 290 1415 322 vos
1441 281 1528 336 est,
1563 278 1852 330 maaeimum
1879 283 1934 331 in
1958 298 2061 331 1079.

97 342 291 387 sancta
317 335 539 386 ecclesia
558 331 880 402 periculum,
917 338 1211 387 nia-nimum
1242 341 1479 408 undique
1509 344 1645 393 inter
1674 363 1757 394 vos
1784 347 1936 399 detri-

97 412 330 456 mentum
355 404 487 470 fleri
526 402 738 454 cottidie
777 407 1161 470 cognoscimuS,
1209 408 1412 459 idcirco
1457 412 1622 461 visum
1661 421 1734 462 est
1771 416 1938 480 nobis,

97 475 270 525 visum
296 482 369 524 est
393 481 440 524 et
459 472 744 541 fratribus
783 475 982 524 nostris
1016 475 1075 523 in
1103 475 1324 526 concilio
1352 496 1555 544 conssre·
1589 482 1706 545 atis,
1739 502 1938 534 smnmo

95 544 364 595 desiderio
393 549 658 606 aestuare,
678 559 887 591 summa
905 559 1001 608 ope
1022 541 1298 595 elaborare
1315 564 1413 612 pro
1438 499 1656 613 vire‘Zus,
1677 559 1867 616 quaten
1881 573 1940 602 us

97 613 283 664 idonei
319 613 518 676 nuntii,
555 619 663 661 tam
690 609 951 678 reliqione
979 631 1137 680 quarn
1167 615 1391 664 scientia
1409 616 1684 683 pollentes,
1725 639 1748 666 e
1779 619 1941 672 latere

96 681 425 751 apostolicae
463 680 605 731 sedis
631 679 707 729 ad
722 687 913 747 partes
939 688 1143 731 vestras
1167 680 1512 748 mitterentur,
1545 688 1639 752 qui
1665 688 1941 757 reliyiosos

96 753 387 820 episcopos,
426 750 597 801 laicos
633 750 791 800 etiam
822 751 985 816 pacis
1023 758 1069 800 et
1108 752 1353 803 iusticiac
1392 762 1669 819 amator-03,
1718 759 1771 807 in
1805 778 1940 826 par-

93 820 238 872 tibus
264 823 453 872 vestris
481 826 878 882 commoranteS,
908 820 980 870 ad
1008 820 1100 870 hoc
1128 839 1262 888 opus
1287 823 1504 873 idoneos
1525 837 1908 894 consp-effarent
1926 848 1941 878 .·

97 891 189 960 qui
225 890 455 942 Domini
503 890 690 958 ‚qratia
719 897 1032 955 praeeunte,
1081 890 1166 940 die
1217 899 1261 941 et
1305 890 1416 942 loco
1464 893 1527 943 ab
1581 895 1686 944 illis
1732 904 1941 960 statuto,

94 967 205 1010 tam
254 961 366 1028 ipsi
413 978 575 1027 quam
626 976 757 1027 quos
810 959 945 1026 ipsis
993 959 1203 1009 adhuca
1256 962 1480 1029 ‘iungere
1526 964 1793 1028 debemus,
1852 974 1944 1015 aut

87 1048 281 1098 pacem
318 1035 655 1097 componant,
699 1034 789 1078 aut
824 1029 1044 1078 veritate
1072 1033 1433 1098 praecoynz’ta
1472 1051 1634 1099 super
1672 1034 1804 1098 illos,
1852 1036 1946 1102 qui

95 1106 223 1149 sunt
270 1100 411 1150 tanti
459 1097 684 1149 discidii
733 1116 917 1162 causa,
958 1100 1277 1148 canonicam
1324 1119 1601 1153 censuram
1652 1112 1944 1153 est-erceant.

108 1169 298 1220 Verum
348 1169 607 1236 quoniam
655 1166 946 1218 nonnullos
996 1167 1262 1218 diabolico
1318 1171 1571 1220 instinctu
1628 1172 1888 1238 confectos
1906 1174 1944 1236 b,

94 1239 404 1307 iniquitatis
441 1256 571 1288 suae
595 1236 822 1303 facibus
859 1238 1075 1305 ignitos,
1117 1237 1413 1305 cupiditate
1450 1239 1712 1304 inductos,
1751 1242 1947 1291 discor-

97 1308 249 1359 diam
277 1310 467 1376 potius
506 1325 668 1375 quemn
697 1325 893 1374 pacem
925 1305 1059 1372 fieri
1105 1314 1151 1357 et
1196 1307 1374 1357 videre
1423 1308 1787 1360 desiderantes
1819 1310 1949 1376 fore

97 1396 208 1429 non
234 1378 569 1446 iynoramus,
608 1378 892 1427 statuimus
933 1378 989 1427 in
1018 1376 1118 1427 leae
1146 1377 1348 1445 synodo
1378 1378 1451 1427 ad
1476 1379 1692 1429 eandem
1710 1379 1950 1443 formam

97 1449 236 1499 sicut
279 1455 326 1499 et
370 1449 429 1498 in
472 1448 806 1514 praeterita,
861 1454 920 1497 ut
956 1444 1111 1497 nulia
1158 1465 1395 1515 unquam
1426 1466 1667 1514 persona
1718 1448 1950 1499 (dicuius

90 1518 365 1584 potentiae
402 1515 513 1567 veZ⁰
552 1517 856 1585 diynitatis,
897 1517 1007 1567 sive
1033 1535 1238 1584 mayna
1277 1517 1385 1566 sive
1416 1535 1616 1583 parva,
1655 1519 1762 1568 sive
1795 1520 1949 1584 prin-

95 1604 218 1655 ceps
245 1588 354 1638 sive
379 1586 659 1651 subiectus,
700 1584 885 1655 aliqua
914 1587 1360 1654 praesumptione
1382 1587 1730 1654 praesmnatd
1762 1587 1951 1655 Cessatis

99 1658 300 1709 nostris
339 1656 611 1721 obsistere,
651 1663 697 1707 et
726 1663 1017 1724 postquam
1065 1655 1138 1706 ad
1187 1674 1277 1706 vos
1307 1657 1675 1722 pervenerint,
1717 1657 1777 1707 de
1817 1676 1947 1707 com-

93 1726 355 1796 ponenda
366 1744 507 1793 pace
529 1727 799 1777 contra-ire
810 1744 829 1790 ,·
851 1744 945 1776 nec
957 1733 1149 1792 postea
1171 1731 1357 1776 contra
1378 1725 1711 1776 interdictum
1740 1725 1948 1777 illorum

103 1796 239 1848 alter
274 1797 335 1847 in
375 1796 601 1846 alterum
641 1795 842 1846 audeat
878 1797 1211 1864 insuryeree,
1267 1795 1360 1845 sed
1397 1813 1561 1862 usque
1601 1796 1672 1845 ad
1711 1796 1847 1846 diem
1887 1795 1950 1845 ab

99 1865 211 1918 illis
249 1865 536 1917 statutamf
566 1865 792 1932 firmam
820 1884 1015 1932 pacem
1053 1882 1226 1916 omnes
1265 1866 1380 1915 sine
1424 1864 1536 1915 ulla
1585 1866 1859 1915 occasione
1908 1873 1952 1915 et

82 1936 302 2005 fraude
323 1935 606 1987 observent.
667 1933 985 2003 Quicunque
1013 1942 1222 1985 autemg
1249 1935 1376 1985 haec
1404 1942 1589 1985 nostra
1615 1941 1813 1984 statuta.
1840 1933 1953 1984 ulla

92 2008 541 2075 praesumptione
579 2005 783 2056 violare
820 2007 1168 2072 temptaverit,
1209 2005 1569 2054 anathematis
1600 2023 1716 2055 eum
1742 2004 1952 2055 vinculo

99 2077 355 2146 ligamus,
394 2083 440 2127 et
478 2094 586 2126 non
626 2074 796 2126 solum
832 2076 891 2125 in
931 2076 1143 2142 spiritu,
1183 2093 1365 2124 verum
1403 2074 1559 2124 etiam
1607 2073 1683 2124 eth
1733 2074 1790 2123 in
1839 2092 1950 2124 cor-

95 2165 231 2214 pore
269 2153 316 2197 et
350 2147 410 2197 in
451 2146 597 2196 omni
624 2145 994 2213 prosperitate
1033 2145 1195 2195 liuius
1248 2145 1384 2194 vitae
1431 2141 1726 2210 apostolica
1775 2151 1952 2193 aucto-

101 2217 261 2267 ritate
298 2215 648 2279 innodamuS,
687 2222 734 2264 et
774 2215 1055 2265 victoriam
1092 2215 1151 2265 in
1192 2215 1360 2264 armis
1401 2212 1727 2281 auferimus,
1778 2220 1834 2262 ut
1879 2213 1953 2262 sic

100 2285 285 2338 saltem
322 2283 738 2353 confundantur
773 2292 820 2336 et
858 2283 1069 2352 duplici
1106 2284 1422 2335 contritione
1461 2289 1822 2334 conterantur.

245 2355 359 2407 119.
432 2355 569 2405 Item
606 2353 832 2405 domnus
869 2371 1012 2422 papa
1049 2354 1162 2421 regi
1197 2351 1445 2403 Rodulfo:
1496 2350 1793 2420 Gregorius
1842 2351 1953 2417 epi-

102 2443 301 2492 scopus
337 2443 524 2476 servus
550 2442 826 2475 servorum
861 2424 983 2489 Dei,
1020 2422 1263 2491 Rodzdfo
1290 2423 1408 2490 regi
1445 2429 1491 2471 et
1519 2421 1758 2472 omnibus
1783 2439 1954 2470 secum

102 2496 462 2546 christianam
487 2494 801 2563 religionem
828 2494 1234 2562 defendentibus
1271 2492 1490 2543 salutem
1527 2498 1572 2541 et
1610 2489 1955 2556 apostolicam

103 2565 535 2617 benedictionem.
615 2563 769 2623 Quod
804 2582 1031 2633 regnum
1062 2564 1483 2624 Teutonicorum,
1523 2560 1778 2610 hactenus
1816 2560 1955 2608 inter

107 2636 293 2687 omnia
328 2635 523 2686 mundi
559 2652 735 2704 regna
760 2634 1170 2697 nobilissimum,
1209 2636 1322 2682 iam
1348 2631 1498 2682 video
1524 2628 1809 2693 incendiis,
1839 2646 1952 2677 cae-

103 2705 263 2756 dibus
315 2712 361 2756 et
396 2705 616 2772 rapinis
654 2705 950 2769 devastari,
1002 2701 1300 2771 confundii
1348 2707 1394 2751 et
1442 2697 1742 2762 annullari,
1796 2715 1955 2764 quam

103 2793 337 2844 magnus
385 2775 579 2826 exinde
627 2775 780 2825 cordi
827 2792 937 2825 meo
975 2773 1129 2825 dolor
1172 2771 1426 2834 insideat,
1473 2787 1634 2836 quam
1672 2767 1956 2818 continuus

104 2846 163 2896 in
203 2844 498 2896 visceribus
549 2845 677 2895 meis
715 2864 793 2896 me
830 2844 1059 2913 gemitus
1099 2841 1329 2910 afficiat,
1380 2840 1522 2890 testis
1561 2845 1634 2888 est
1670 2836 1756 2887 ille
1793 2834 1955 2898 solus,

106 2915 203 2983 qui
228 2916 464 2966 omnium
486 2915 764 2966 hominum
790 2914 957 2965 corda
984 2919 1259 2964 scrutatur
1285 2917 1330 2960 et
1346 2908 1563 2976 probat.
1621 2906 1958 2974 Deferuntur

105 2985 283 3036 enimk
331 2984 495 3035 michi
531 2985 642 3035 iam
679 2985 900 3051 saepius
935 2983 1226 3052 leyationes
1266 2979 1516 3030 Heinrici
1563 2984 1667 3027 tum
1698 2993 1801 3042 per
1828 2992 1957 3041 pro-

99 3055 260 3122 prios
298 3055 536 3119 nuntios,
574 3061 685 3105 tum
715 3073 819 3121 per
856 3060 1112 3122 coynatos
1151 3057 1196 3101 et
1236 3048 1473 3100 aliarum
1510 3053 1778 3095 terrarum
1797 3043 1954 3111 prin-

106 3125 253 3192 cipes
289 3132 337 3176 et
364 3123 575 3192 affines,
613 3124 767 3175 modo
796 3142 999 3175 omnem
1026 3120 1378 3173 obedientiam
1394 3113 1774 3186 promittendo,
1803 3112 1954 3192 modo

98 3213 206 3262 per
241 3195 434 3245 varia*
471 3195 701 3263 ingenia
737 3191 1098 3255 sollicitando,
1145 3189 1205 3241 id
1243 3207 1277 3239 a
1313 3206 1391 3237 me
1428 3202 1628 3236 summo
1679 3199 1954 3233 conamine
1973 3190 2122 3232 '‘p-⁸⁷9·

108 3266 382 3331 cupientes
418 3262 643 3331 efficere,
694 3281 797 3331 quo
847 3281 926 3313 me
977 3261 1050 3311 ad
1096 3266 1272 3310 votum
1318 3274 1474 3307 suum
1521 3252 1660 3304 suis¹
1703 3250 1957 3319 partibus

106 3364 145 3407 a)
175 3368 383 3407 adiungere
411 3368 535 3400 adhue
562 3368 596 3400 2.
753 3364 792 3408 b)
821 3366 1015 3398 confectus
1042 3366 1075 3395 si
1101 3365 1154 3395 in.
1186 3364 1239 3400 1.;
1269 3360 1367 3392 conf.
1396 3362 1433 3390 et
1459 3360 1511 3390 in.
1540 3358 1587 3390 al.
1746 3354 1778 3394 e)
1806 3354 1894 3384 dee-⁹2
1924 3353 1954 3381 1-

109 3414 149 3456 d)
177 3417 318 3449 audeat
344 3417 377 3449 2.
501 3415 537 3457 e)
567 3424 766 3455 resurgere
795 3417 826 3449 1.
960 3413 990 3455 f)
1017 3415 1200 3444 statutum
1229 3412 1260 3442 1.
1399 3407 1437 3447 g)
1465 3407 1555 3437 deest
1585 3407 1616 3437 1.
1742 3402 1779 3442 h)
1808 3402 1896 3432 deese
1924 3400 1957 3431 2.

109 3463 140 3505 i)
170 3465 206 3498 d.
234 3468 271 3497 et
297 3466 396 3498 conf.
428 3466 462 3498 2.
564 3464 603 3506 k)
632 3466 723 3496 deest
753 3466 785 3497 l.
887 3461 915 3504 l)
944 3470 1010 3494 sue
1037 3461 1137 3501 parti
1165 3461 1198 3492 2.
