2204 3765
576 96 775 136 BRUNO
808 97 888 137 DE
921 99 1115 140 BELLO
1151 102 1455 145 SAXONICO.
1883 117 1938 154 49

96 233 337 285 iustitiae
403 231 654 300 defensor
714 251 821 284 esse
884 234 1103 287 deberet.
1197 239 1380 291 lerum
1438 247 1628 310 quanti
1680 249 1793 313 ipse
1850 261 2065 301 autmze.

99 304 308 370 scripta
335 309 431 352 aut
444 320 552 370 per
575 300 779 369 leqatos
805 304 971 354 missa
997 313 1183 356 nostra
1209 310 1367 360 verba
1389 310 1606 376 fecerit,
1644 317 1692 364 ei
1699 334 1758 365 us
1793 318 1938 375 facta

95 370 398 424 declarant.
478 368 585 429 Qui
619 370 848 439 indiqne
881 372 1074 439 ferens
1124 393 1177 425 se
1228 397 1261 426 a
1311 397 1577 447 quoquam
1626 373 1943 449 reprebendi

96 447 193 492 aut
246 440 481 507 corripi,
543 457 654 490 non
709 439 877 491 solum
934 460 967 491 a
1063 448 1344 510 erpetratis
1399 449 1473 497 ad
1528 451 1937 504 emendationem

95 510 345 560 revocari-
380 527 489 559 non
518 509 717 576 potuit,
757 509 848 560 sed
886 462 1145 577 ampliori
1194 516 1548 567 conscientiae
1593 538 1723 569 suae
1744 520 1942 587 furore

97 585 350 646 arreptus
388 595 496 629 non
526 578 696 645 prius
746 581 993 643 cessavit,
1045 579 1209 631 donec
1247 584 1523 652 episcopos
1555 606 1731 654 paene
1769 610 1942 642 omnes

95 649 156 699 in
183 645 369 709 Italia,
405 648 467 698 in
509 648 558 698 T
552 647 813 698 eutonicis
849 666 971 699 vero
1003 650 1258 716 partibus
1293 662 1542 724 quotquot
1572 660 1760 724 potuit,
1799 662 1941 711 circa

82 715 252 784 fidem
294 714 493 769 Christi
529 715 877 785 naufraqare
898 716 1054 784 fecit,
1093 719 1220 769 dum
1247 739 1331 771 eos
1356 723 1583 774 debitam
1619 726 1765 777 beato
1792 729 1943 781 Petro

95 794 143 839 et
181 785 507 854 apostolicae
534 786 651 837 sedi
677 785 1029 837 obedientiam
1064 796 1110 837 et
1136 789 1382 841 honorem
1424 800 1488 842 aa
1528 794 1739 845 domino
1768 806 1942 849 nostro

94 855 220 906 Iesu
287 855 498 908 Christo
569 872 875 906 concessum
943 856 1212 925 abneqare
1271 861 1489 929 subeqit.
1587 862 1713 915 Cum
1774 868 1945 934 iqitur

93 925 436 994 iniquitatem
461 926 576 976 eius
603 924 677 975 ad
703 943 963 975 summum
978 927 1229 994 prodisse
1247 929 1499 995 vidimus,
1521 950 1623 998 pro
1646 934 1727 983 his
1749 940 1944 999 causis,

93 993 342 1046 videlicet
389 997 658 1062 primum,
709 993 854 1063 quod
910 994 974 1045 ab
1024 1013 1206 1047 eorum
1255 1003 1644 1066 communione,
1702 1005 1795 1070 qui
1835 1024 1943 1071 pro

94 1063 383 1132 sacrileqio
423 1071 469 1114 et
505 1071 660 1114 reatu
698 1064 1030 1115 simoniacae
1070 1065 1306 1117 haeresis
1336 1073 1776 1122 eoecommunicati
1803 1082 1942 1136 sunt,

93 1152 147 1186 se
186 1133 452 1184 abstinere
477 1132 683 1198 noluit,·
724 1133 918 1184 deinde
945 1134 1088 1201 quod
1114 1154 1224 1202 pro
1252 1137 1558 1188 criminosis
1586 1141 1788 1190 actibus
1815 1160 1943 1193 suae

92 1204 236 1255 vitae
279 1204 670 1271 poenitentiam
720 1221 829 1253 non
881 1202 1000 1254 dico
1051 1205 1321 1272 suscipere
1373 1207 1464 1257 sed
1513 1227 1604 1259 *nec
1642 1212 1944 1274 promittere

92 1273 307 1343 quidem
343 1272 533 1337 voluit,
579 1273 800 1323 mentita
838 1290 902 1322 ea
925 1272 1042 1337 fide
1092 1292 1253 1341 quam
1302 1276 1357 1326 in
1408 1295 1602 1326 manus
1649 1278 1940 1346 leqatorum

92 1350 398 1395 nostrorum
428 1342 795 1410 promiserat,·
847 1360 1054 1393 necnon
1093 1344 1236 1411 quod
1280 1363 1477 1414 corpus
1520 1345 1732 1411 Christi,
1778 1349 1836 1399 id
1874 1358 1943 1400 est

91 1415 353 1465 unitatem
389 1418 610 1463 sanctae
648 1411 914 1476 ecclesiae,
954 1413 1198 1464 scindere
1235 1432 1343 1464 non
1382 1417 1632 1481 eoepavit:
1674 1435 1773 1483 pro
1814 1419 1943 1482 hisb,

92 1483 339 1552 inquam,
380 1480 554 1549 culpis
592 1481 850 1551 synodali
884 1482 1090 1532 iudicio
1119 1501 1236 1533 eum
1262 1486 1851 1551 eoecommmiicavivmcs,
1890 1496 1945 1536 ut

94 1571 248 1622 quem
286 1553 435 1603 mites
473 1569 583 1602 non
617 1553 920 1619 potuimus,
971 1550 1050 1602 vel
1088 1554 1256 1603 severi
1305 1554 1377 1604 ad
1415 1556 1559 1605 viam
1597 1554 1788 1606 salutis
1829 1557 1941 1607 Deo

93 1622 391 1674 adiuvante
446 1639 697 1672 revocare
747 1621 1051 1686 valeamus,
1119 1629 1214 1672 aut
1276 1624 1352 1687 si,
1420 1624 1557 1692 quod
1615 1625 1780 1689 absit,
1850 1645 1941 1676 nec

91 1691 452 1744 districtionis
506 1690 718 1759 quidem
775 1709 1061 1742 censuram
1101 1693 1467 1758 pertimuerit,
1519 1701 1704 1744 nostra
1760 1693 1937 1745 saltem

94 1763 286 1814 anima
325 1759 687 1829 nqqhqentiae
727 1768 822 1812 aut
868 1762 1076 1811 timoris
1114 1761 1423 1813 discrimini
1466 1781 1574 1813 non
1621 1764 1939 1814 succumbat.

92 1829 160 1883 Si
208 1834 328 1900 quis
373 1831 548 1900 iqitur
595 1831 736 1881 lianc
784 1833 1099 1882 sententiam
1142 1831 1340 1882 iniuste
1378 1831 1456 1882 vel
1493 1832 1942 1883 irrationabiliter

87 1899 365 1970 prolatam
429 1918 538 1952 esse
594 1902 905 1969 putaverit,
972 1901 1021 1952 si
1085 1899 1211 1951 talis
1267 1908 1340 1952 est
1398 1908 1457 1951 ut
1510 1903 1683 1952 sacris
1737 1901 1940 1970 reqzdis

90 1969 479 2039 intelligentiae
527 1988 742 2021 sensum
782 1970 1048 2040 praebere
1093 1968 1263 2035 velvit0,
1312 1970 1582 2022 nobiscum
1630 1971 1755 2021 inde
1794 1979 1938 2040 aqat,

90 2047 139 2091 et
185 2058 296 2092 non
335 2039 470 2109 quid
506 2058 604 2092 nos
641 2040 734 2091 sed
772 2039 938 2109 quidd
989 2040 1182 2092 divina
1221 2041 1517 2091 auctoritas
1555 2040 1761 2105 doceat,
1809 2042 1941 2107 quid

91 2111 394 2176 decernate,
452 2110 615 2179 quid*
653 2128 893 2161 consona
930 2128 1034 2160 vooe
1090 2117 1399 2161 sanctorum
1442 2117 1671 2178 patrum
1724 2110 2121 2173 iudicet,*p.35s.

82 2181 360 2249 patienter
406 2180 639 2231 audiens
691 2181 1012 2249 acquiescat.
1087 2179 1201 2231 Nos
1240 2187 1415 2230 tamen
1454 2198 1562 2230 non
1601 2181 1941 2230 aestimamus

93 2268 413 2321 quemquam
449 2248 727 2315 fidelium,
781 2252 876 2319 qui
923 2247 1282 2301 ecclesiastica
1320 2256 1524 2300 statuta
1566 2250 1794 2312 noverit,
1847 2249 1939 2299 hoc

91 2338 272 2372 errore
297 2321 481 2385 teneri,
521 2327 579 2370 ut
611 2339 721 2372 non
749 2320 862 2385 hoc,
901 2327 948 2370 et
973 2321 1022 2370 si
1038 2318 1254 2387 publice
1282 2318 1561 2386 affirmare
1587 2337 1695 2369 non
1725 2318 1939 2381 audeat,

91 2389 172 2442 vel
207 2390 268 2441 in
307 2390 466 2442 corde
504 2408 601 2441 suo
639 2397 775 2441 recte
797 2388 1019 2457 factum
1046 2407 1152 2440 esse
1180 2388 1465 2457 perhibeat
1477 2407 1496 2454 ,·
1536 2406 1859 2456 quamquam
1898 2394 1943 2436 et

91 2462 141 2513 si
177 2478 292 2525 nos,
330 2459 474 2529 quod
511 2459 692 2511 Deusf
742 2467 972 2525 avertat,
1021 2477 1131 2510 non
1169 2461 1305 2510 satis
1342 2458 1504 2527 qravi
1541 2457 1602 2508 de
1640 2475 1810 2507 causa
1849 2463 1942 2507 aut

90 2531 274 2582 ‘minus
323 2530 572 2581 ordinate
621 2549 739 2581 eum
784 2530 1098 2580 huiusmodi
1133 2527 1345 2580 vinculo
1382 2526 1758 2595 liqaverimus,
1805 2527 1943 2575 sicut

90 2600 271 2651 sancti
297 2607 488 2668 patres
516 2607 781 2665 asserunt,
819 2618 929 2650 non
954 2599 1158 2649 idcirco
1185 2596 1489 2666 spernenda
1515 2603 1642 2647 esset
1666 2596 1941 2659 sententia,

91 2670 186 2721 sed
225 2669 488 2721 absolutio
527 2688 647 2720 cum
685 2670 831 2721 omni
871 2667 1168 2719 humilitate
1207 2666 1534 2735 quaerenda.
1615 2665 1709 2715 Vos
1750 2671 1939 2728 autem,

93 2738 450 2804 dilectissimi,
497 2740 592 2808 qui
625 2740 894 2791 iustitiam
931 2738 1038 2789 Dei
1073 2756 1181 2789 non
1216 2754 1316 2804 pro
1355 2736 1511 2804 reqia
1548 2734 1940 2802 indiqnatione,

93 2828 202 2861 non
232 2827 340 2877 pro
381 2808 565 2876 aliquo
595 2808 844 2877 periculo
871 2808 1107 2859 deserere
1133 2806 1394 2868 voluistis,
1417 2804 1733 2871 fatuitatem
1761 2820 1942 2852 eorum

95 2881 192 2949 qui
237 2879 300 2930 de
350 2880 684 2930 eocecratione
731 2886 777 2929 et
821 2877 1101 2929 mendacio
1157 2874 1667 2927 annuntiabuntur&
1714 2873 1774 2923 in
1820 2890 2168 2930 con-Ps.5s,13.

93 2950 472 3014 summatione,
513 2948 1002 3017 parvipendentes,
1040 2946 1274 2997 viriliter
1309 2951 1439 2994 state
1477 2951 1522 2993 et
1558 2940 1945 3010 confortamini

91 3019 154 3071 in
202 3018 468 3083 Domino,
526 3020 747 3069 scientes
811 3017 953 3086 quod
1006 3015 1156 3067 illius
1211 3021 1424 3084 partem
1481 3011 1792 3079 defenditis,
1850 3010 1944 3078 qui

92 3087 482 3157 insuperabilis
530 3106 627 3138 rese
672 3088 756 3138 eth
810 3087 1138 3156 maqnifi'cus
1191 3083 1554 3151 triumphator
1597 3080 1942 3131 iudicaturus

94 3165 169 3209 est
193 3159 342 3209 vivos
369 3164 415 3208 et
438 3165 692 3222 mortuos,
718 3157 948 3208 reddens
975 3156 1269 3222 unicuique
1295 3151 1587 3204 secundum
1610 3167 1744 3218 opus
1770 3166 1942 3227 suum.

94 3227 180 3280 De
216 3230 373 3280 cuius
419 3227 737 3279 multimoda
774 3227 1120 3278 retributione
1157 3231 1203 3275 et
1238 3240 1329 3274 vos
1367 3223 1495 3273 certi
1532 3237 1637 3270 esse
1678 3223 1943 3286 poteritis,

95 3367 133 3410 a)
161 3371 203 3402 in
225 3372 258 3404 1.
347 3369 386 3412 b)
414 3371 506 3402 deest
535 3372 567 3402 1.
645 3368 679 3411 c)
707 3371 757 3401 ita
784 3369 824 3402 P.
840 3369 907 3409 H.;
935 3378 1012 3401 non
1039 3369 1131 3400 velit
1160 3370 1191 3399 1.
1222 3368 1254 3398 2.
1334 3364 1371 3405 d)
1401 3364 1490 3395 deest
1520 3365 1551 3394 1.
1630 3359 1664 3401 e)
1694 3361 1881 3392 discernat
1913 3358 1941 3387 2.

97 3417 127 3460 f)
155 3420 246 3451 deest
278 3422 307 3451 1.
410 3417 447 3459 g)
477 3419 569 3452 deest
597 3420 630 3452 1.
661 3420 692 3450 2.
795 3417 834 3458 h)
864 3427 907 3449 ac
935 3426 1085 3458 semper
1111 3425 1151 3448 m.
1183 3417 1214 3446 2-
