2204 3765
231 45 256 83 S
716 43 913 84 BRUNO
946 43 1027 82 DE
1060 42 1254 82 BELLO
1290 42 1596 82 SAXONICO.

229 181 507 233 veritatem
554 179 714 230 michi
760 197 866 230 non
918 179 1135 248 contigit
1171 197 1474 247 agnoscere,
1525 178 1726 247 placuit
1759 179 1922 230 michi
1959 196 2075 230 eam

232 251 367 302 inter
403 247 654 316 ambigua
690 247 999 316 relinquere,
1039 248 1280 317 quamvis
1317 266 1485 316 paene
1515 248 1755 299 omnibus
1780 254 2078 300 versaretur

232 320 287 370 in
327 336 430 369 ore.

375 388 453 438 13.
527 386 702 437 Novia
740 393 916 436 autem
957 386 1221 454 quendam
1260 385 1323 436 de
1360 383 1707 436 familiaribus
1743 386 1884 453 regis
1901 396 1935 451 ¹,
1986 385 2080 454 qui

231 455 514 525 aliquando
562 455 627 506 de
677 456 823 506 curia
860 455 1006 506 venit
1042 453 1109 505 ad
1145 454 1358 505 fratrem
1396 471 1565 518 suum,
1609 486 1666 491 -—
1708 453 1866 505 frater
1901 461 2079 506 autem

230 524 317 577 ille
366 525 646 593 episcopus
685 533 796 575 erat
830 555 899 561 -—
936 532 986 574 et
1024 525 1178 592 quasi
1214 521 1459 574 iactando
1497 521 1645 573 fratri
1684 540 1777 573 suo
1814 521 2080 589 narrabat,

233 593 375 663 quod
423 591 593 643 nullus
644 603 782 644 05501
827 593 882 642 111
932 594 1093 657 011113,
1145 594 1234 661 (1111
1284 592 1455 659 magis
1506 609 1663 659 quam
1699 592 1815 659 ipse
1854 599 1990 643 esset
2024 592 2080 642 in

230 664 370 730 regis
407 662 589 729 gratia.
665 660 823 725 Quod
859 678 980 710 cum
1016 661 1177 712 frater
1212 662 1322 713 01115
1360 661 1641 730 episcopus
1677 659 1899 712 libenter
1935 659 2081 711 audi-

231 740 312 782 ret
348 748 572 798 eumque
612 729 889 797 diligenter
925 740 1263 796 ammoneret,
1309 739 1367 781 ut
1402 730 1626 798 gratiam
1661 730 1800 798 regis
1835 727 2082 780 omnibus

233 799 403 850 modis
452 816 659 850 servare
707 806 996 867 quaereret,
1048 800 1171 867 quia
1208 807 1259 850 et
1294 799 1397 867 ipsi
1433 798 1711 850 honestum
1749 806 1801 849 et
1837 797 2080 849 omnibus

235 869 340 919 suis
391 867 517 918 utile
569 877 731 919 esset:
782 868 1083 933 ‘Facerem',
1131 867 1266 919 dixit
1314 867 1414 933 ille,
1467 868 1525 918 ‘si
1564 866 1717 918 simul
1755 885 1875 918 cum
1913 867 2083 936 gratia

232 937 423 989 terreni
460 937 601 1004 regis
637 954 846 1005 possem
885 946 1061 988 tenere
1098 937 1320 1004 gratiam
1349 935 1603 988 coelestis.
1661 936 1767 988 Sed
1792 937 2084 1001 veraciter’,

232 1006 418 1075 inquit,
471 1007 694 1074 ‘'agnovi,
747 1004 889 1075 quod
943 1007 985 1055 si
1037 1007 1152 1074 quis
1191 1006 1346 1056 huius
1385 1006 1523 1074 regis
1561 1005 1888 1057 familiariter
1922 1004 2084 1057 habet

233 1076 473 1144 gratiam,
513 1074 707 1126 habere
744 1092 851 1125 non
876 1076 1068 1143 poterit
1092 1084 1359 1126 aeternam
1384 1074 1575 1126 vitam'.
1637 1075 1805 1143 Igitur
1829 1074 2084 1144 paulatim

235 1163 289 1196 se
329 1145 465 1195 sicut
501 1144 731 1212 prudens
769 1162 800 1194 a
838 1145 983 1194 curia
1020 1143 1377 1209 subtrahebat,
1418 1152 1469 1194 et
1504 1146 1609 1194 iam
1634 1145 1806 1194 minus
1834 1150 1885 1195 et
1908 1145 2084 1195 minus

233 1213 301 1264 ad
339 1222 538 1265 secreta
574 1213 716 1282 regis
754 1212 1055 1278 accedebat,
1094 1221 1145 1264 et
1179 1231 1277 1265 nec
1316 1214 1527 1264 omnino
1566 1212 1761 1278 aberat,
1810 1231 1907 1264 nec
1947 1213 2084 1264 sicut

234 1290 344 1335 erat
382 1282 563 1333 solitus
601 1283 845 1351 frequens
883 1281 1079 1333 aderat.
1143 1282 1314 1347 Quem
1350 1280 1445 1332 ubi
1480 1300 1575 1333 rex
1614 1283 1786 1333 minus
1811 1281 2083 1333 assiduum

231 1351 365 1403 vidit
402 1353 456 1403 in
494 1369 588 1402 5110
628 1352 858 1417 servitio,
898 1368 1112 1401 causam
1150 1369 1311 1420 quare
1349 1351 1546 1402 faceret
1580 1369 1687 1403 non
1711 1352 1943 1420 inquirit,
1982 1368 2083 1402 nec

234 1421 281 1473 ei
320 1422 606 1490 quicquam
655 1419 824 1470 malae
870 1419 1154 1471 voluntatis
1194 1419 1444 1486 ostendit,
1496 1420 1590 1471 sed
1627 1438 1720 1471 suo
1757 1421 1865 1471 iam
1900 1420 2084 1472 volens

232 1507 450 1558 parcere
497 1489 649 1554 ferrO,
701 1489 987 1559 quaerebat
1036 1508 1156 1540 eum
1200 1488 1422 1558 perdere
1462 1507 1584 1540 ense
1621 1488 1807 1541 alieno.
1879 1490 2082 1559 Itaque,

232 1576 329 1626 pro
379 1577 484 1628 qua
532 1576 692 1609 causa
740 1558 864 1609 ficta
906 1556 990 1609 1701
1037 1576 1166 1609 vera
1213 1559 1407 1623 1105010,
1459 1558 1603 1609 misit
1640 1577 1760 1610 eum
1797 1557 1865 1609 ad
1902 1576 2083 1624 regem

232 1628 461 1679 Rusciae
476 1629 560 1678 Μ.
637 1628 809 1693 Quam
858 1627 1176 1695 legationem
1213 1627 1299 1678 ille
1337 1627 1560 1679 libenter
1595 1630 1813 1697 accepit,
1851 1629 2084 1696 primum

235 1698 358 1766 (11113
405 1716 500 1766 per
546 1697 645 1748 hoc
697 1697 849 1766 quasi
886 1697 1148 1765 probavit,
1200 1715 1254 1747 se
1291 1714 1322 1746 a
1359 1697 1527 1765 gratia
1561 1698 1701 1765 regis
1737 1715 1845 1749 non
1881 1697 2084 1762 abesse,

234 1767 318 1817 cui
357 1775 557 1818 secreta
592 1783 697 1816 non
735 1766 999 1818 dubitaret
1036 1774 1093 1816 ut
1129 1775 1283 1818 antea
1322 1766 1560 1832 credere,
1599 1766 1788 1818 deinde
1816 1766 1941 1835 quia
1966 1784 2085 1835 spe—

231 1836 368 1887 ravit
427 1854 481 1886 se
540 1834 816 1903 legationis
875 1835 1031 1886 huius
1087 1834 1266 1886 labore
1320 1837 1657 1900 meriturum,
1713 1843 1771 1886 ut
1821 1835 2084 1903 legatione

232 1922 484 1974 prospere
521 1913 735 1973 peracta
770 1922 1029 1970 reversus,
1066 1922 1173 1955 non
1209 1923 1433 1973 parvum
1471 1922 1502 1954 a
1537 1923 1661 1971 rege
1699 1904 1914 1957 deberet
1948 1905 2086 1956 acci-

232 1992 357 2041 pere
403 1973 748 2039 beneficium,
800 1991 898 2024 nec
948 1972 1078 2024 haec
1129 1975 1286 2024 etiam
1333 1975 1552 2024 minima
1595 1974 1695 2024 fuit
1733 1992 1907 2040 031153,
1959 1975 2085 2042 (11113

232 2043 455 2095 libenter
491 2043 674 2095 aberat
709 2061 740 2093 a
779 2044 939 2093 curia.
1011 2043 1181 2110 Igitur
1216 2044 1467 2111 perrexit,
1505 2060 1605 2094 nee
1641 2043 1815 2094 adhuc
1853 2043 1982 2112 quid
2017 2042 2084 2095 de

232 2131 286 2164 se
325 2112 642 2181 dispositum
680 2113 865 2163 fuisset
900 2110 1171 2163 intellexit.
1234 2112 1361 2162 Post
1397 2111 1597 2180 aliquot
1632 2130 1756 2163 vero
1796 2112 1923 2179 dies,
1954 2122 2083 2163 vcum

230 2199 450 2250 vespere
497 2181 812 2233 declinasset
847 2182 903 2232 in
948 2180 1312 2246 diversorium,
1350 2182 1496 2233 iubet
1533 2181 1633 2232 sibi
1670 2180 1869 2232 bonum
1905 2182 2086 2250 parari

233 2252 552 2303 convivium.
618 2251 861 2319 Cumque
899 2251 1003 2301 iam
1043 2251 1260 2301 comites
1299 2251 1409 2302 eius
1447 2249 1773 2317 aliquantum
1810 2251 2086 2314 bibissent,

231 2319 435 2372 exilivit
461 2319 684 2372 Sclavus
712 2319 941 2388 quidam,
967 2318 1085 2371 171115
1110 2337 1350 2388 persona,
1379 2328 1452 2371 et:
1492 2319 1730 2385 ‘Nescio',
1758 2320 1908 2387 dixit,
1937 2319 2086 2389 ‘quid

231 2398 309 2441 est
354 2389 496 2458 quod
553 2407 650 2458 ego
705 2397 882 2457 port0,
945 2388 1089 2458 quod
1139 2390 1419 2457 episcopus
1468 2388 1661 2458 Epp00
1709 2390 1873 2440 michi
1921 2388 2084 2454 dedit,

231 2467 282 2511 et
320 2466 378 2509 ut
413 2459 542 2527 regi,
592 2458 660 2509 ad
699 2476 855 2527 quem
891 2461 1083 2509 missus
1121 2458 1288 2524 vadis,
1327 2458 1508 2508 darem
1545 2459 1848 2527 praecepit'.
1922 2457 2083 2523 Quod

232 2545 354 2578 cum
405 2528 506 2579 sibi
551 2527 638 2579 ille
690 2528 971 2578 monstrari
1020 2534 1246 2595 rogaret,
1286 2527 1504 2596 protulit
1543 2527 1765 2580 Sclavus
1803 2527 2083 2596 epistolam

229 2598 372 2665 regis
423 2598 653 2664 imagine
700 2595 996 2665 sigillatam.
1070 2595 1164 2648 Ille
1212 2596 1285 2647 nil
1335 2604 1570 2648 moratus
1623 2595 1854 2665 sigillum
1908 2596 2083 2665 fregit,

232 2665 479 2717 clericum
519 2685 687 2731 sumn,
727 2665 853 2733 quid
890 2664 1010 2716 illae
1045 2664 1247 2717 litterae
1272 2664 1479 2731 vellent,
1518 2684 1783 2735 exponere
1809 2664 1910 2717 sibi
1934 2683 2083 2734 prae-

232 2736 389 2803 cepit.
464 2734 699 2787 Clericus
735 2734 864 2803 legit
900 2744 951 2786 et
988 2736 1257 2804 exposuit,
1307 2735 1391 2785 hic
1441 2743 1614 2787 autem
1662 2752 1844 2786 sensus
1881 2742 1993 2786 erat
2026 2735 2084 2785 in

230 2803 444 2855 litteris:
497 2803 658 2856 Scias
709 2806 768 2855 in
808 2805 903 2855 hoc
942 2812 988 2855 te
1025 2806 1272 2869 mamime,
1324 2804 1502 2873 qualis
1542 2806 1749 2856 amicus
1787 2805 1950 2855 michi
1988 2806 2085 2871 sis,

232 2935 269 2977 a)
310 2938 444 2969 Frater
481 2937 757 2977 archiepiscopi
796 2939 981 2978 eiusdem,
1020 2939 1238 2970 Fridericus
1278 2938 1471 2978 palatinus
1509 2946 1648 2977 comes,
1685 2937 1796 2969 fratri
1833 2939 1979 2969 iactans
2015 2938 2085 2969 ali—

233 2987 384 3024 quando
414 2987 594 3018 narrabat
623 2988 653 3017 2.
759 2987 795 3026 b)
824 2988 874 3017 ita
904 2988 945 3025 23
973 2987 1091 3018 Rucie
1121 2990 1151 3019 1.
1257 2986 1290 3026 0)
1320 2996 1378 3026 ep.
1410 2986 1581 3018 Cicensis
1608 2987 1716 3025 Eppo
1745 2987 1777 3017 2.

239 3093 282 3146 1)
318 3093 597 3134 Fridericum
625 3096 719 3147 pal.
757 3109 859 3134 com.
889 3093 1114 3135 Sam-oniae
1148 3100 1271 3135 vocat
1293 3094 1535 3134 Annalista
1558 3094 1694 3144 Saxo,
1728 3095 1804 3135 sed
1827 3109 1923 3135 eum
1946 3110 1980 3135 0.
2006 3094 2084 3136 26.

234 3154 348 3194 hanc
380 3168 468 3194 rem
502 3161 641 3194 tacere
675 3155 770 3195 iure
803 3154 987 3195 mireris.
1048 3155 1106 3195 W.
1233 3154 1278 3207 2)
1313 3154 1535 3196 Iaroslavi
1559 3155 1809 3208 Novoqwd.
1843 3153 1971 3209 re9i3,
2003 3153 2085 3207 qui

235 3228 276 3253 α.
308 3215 435 3253 1054.
470 3215 586 3264 obiit,
607 3214 732 3267 filius
765 3214 995 3255 [sa-slavus
1028 3229 1106 3256 rex
1130 3214 1393 3263 Kiovieozsz's,
1429 3229 1522 3254 cum
1555 3230 1594 3255 a.
1623 3215 1751 3254 1068,
1784 3229 1864 3268 per
1896 3215 2078 3255 Suatos-

235 3274 355 3314 laum
390 3274 582 3327 aliosque
602 3274 776 3326 fratres
801 3276 962 3327 pulsus
987 3283 1107 3325 esset,
1132 3274 1332 3316 Heinricz‘
1356 3275 1572 3315 auxilium
1594 3274 1858 3328 imploravit,
1892 3275 1940 3315 id
1963 3274 2085 3327 quod

235 3335 295 3374 ad
328 3348 369 3374 a.
407 3335 536 3373 1075.
570 3333 829 3375 Lambertus
862 3335 1008 3388 refert.
1069 3335 1125 3374 W.
