2204 3765
231 74 286 112 12
711 71 908 112 BRUNO
941 70 1021 109 DE
1053 67 1248 108 BELLO
1283 65 1590 106 SAXONICO.

228 211 484 262 nominati
532 208 860 260 Coloniensis
919 203 1316 272 archiepiscopi.
1402 202 1642 254 Eandem
1692 204 2074 272 querimoniam

228 280 465 332 fecerunt
500 277 567 328 ad
603 279 826 328 invicem
866 292 1046 326 omnes
1073 290 1239 340 paene
1264 271 1416 339 regni
1441 272 1752 324 ’11001001013ι
1776 273 2074 341 principes3

232 349 325 400 sed
361 356 538 398 tamen
575 345 748 415 palam
786 343 957 394 nullus
995 341 1223 392 audebat
1259 340 1425 406 fateri,
1461 347 1607 391 tanto
1643 359 1740 392 rex
1777 350 1888 393 erat
1913 341 2076 392 omni-

230 419 330 470 bus
368 417 570 468 terrori.
636 415 722 466 Sic
762 413 1000 482 quamvis
1039 410 1134 462 soli
1162 409 1399 461 Saxones
1437 408 1536 460 hoc
1570 417 1749 478 aperte
1773 410 2079 461 viderentur

228 488 458 554 incipere
496 483 707 547 bellum,
745 490 922 533 tamen
957 498 1062 531 non
1098 481 1332 547 ipsorum
1371 477 1698 530 solummodo
1737 478 1954 530 consilio
1979 478 2080 530 fuit

230 557 514 623 inceptum.
578 553 684 617 Qui
722 570 840 602 cum
880 559 956 601 tot
992 559 1044 601 et
1079 557 1250 599 tantas
1289 546 1610 598 calamitates
1650 555 1699 598 et
1736 547 2079 599 contumelias

231 623 425 691 singuli
469 630 791 690 paterentur,
840 619 966 670 dum
1010 619 1232 686 quisque
1278 635 1430 667 suum
1477 616 1842 668 tantummodo
1887 615 2080 668 vulnus

232 692 457 756 dolebat,
485 699 535 742 et
559 693 785 742 intactus
811 688 982 739 adhuc
1008 685 1280 738 vulnerato
1307 703 1414 736 non
1451 685 1779 751 condolebat,
1812 686 2082 737 communi

231 761 369 812 malo
425 777 529 810 non
584 757 900 810 resistebant
956 756 1224 807 communi
1279 754 1515 806 consilio,
1611 755 1728 806 Rex
1782 753 2082 806 universale

233 831 486 881 damnum
514 826 842 896 disponebat,
875 833 926 876 et
951 825 1018 875 ad
1045 824 1144 875 hoc
1173 823 1438 892 quaelibet
1461 823 1841 892 impedimenta
1865 822 2082 893 repelle-

232 900 338 962 bat,
388 907 439 949 et
488 896 688 947 auxilia
739 894 930 964 quibus
979 912 1072 944 sua
1108 892 1248 943 mala
1282 893 1524 944 voluntas
1561 892 1882 963 impleretur,
1919 892 2083 943 unde-

235 985 444 1036 cunque
493 965 802 1034 quaerebat3
849 963 923 1014 illi
959 981 1084 1014 vero
1123 970 1367 1030 putantes
1393 962 1620 1031 speciale
1647 962 1861 1027 malum,
1901 968 2085 1012 contra

235 1054 568 1088 000101000ιο
605 1035 893 1102 perniciem
926 1031 1069 1082 nulla
1095 1031 1413 1083 defensionis
1439 1033 1785 1083 instrumenta
1807 1030 2082 1101 parabant.

233 1105 343 1171 Ille,
429 1123 496 1155 uo
547 1103 753 1154 facilius
801 1110 1015 1153 cunctos
1058 1109 1117 1151 ut
1152 1100 1363 1152 volebat
1401 1101 1738 1170 opprimeret,
1783 1101 1930 1169 prius
1965 1098 2083 1151 illos

234 1176 288 1225 in
327 1124 520 1244 quilbus
566 1191 749 1225 eorum
795 1172 962 1223 virtus
1000 1171 1230 1221 maxime
1268 1168 1456 1234 stabat,
1496 1169 1729 1238 singulos
1763 1168 2085 1221 labefactare

232 1242 540 1313 temptabat.

110 1323 216 1355 1050-
376 1314 456 1364 19.
532 1310 781 1363 Ottonem
820 1308 1065 1376 denique,
1103 1307 1274 1358 virum
1313 1306 1626 1375 prudentem
1665 1315 1717 1358 et
1750 1307 1954 1373 fortem,
1994 1307 2088 1376 qui

234 1383 425 1433 natusb
464 1400 490 1431 e
531 1380 766 1431 Saxonia
804 1378 915 1428 dux
952 1385 1064 1428 erat
1100 1377 1155 1425 in
1191 1376 1448 1440 Bawaria,
1500 1378 1644 1427 omni
1681 1375 1961 1429 calliditate
1999 1377 2086 1428 de-

235 1469 431 1519 ponere
472 1448 770 1517 quaerebat,
811 1447 936 1515 quia
972 1444 1119 1495 illum
1159 1462 1280 1495 cum
1319 1445 1563 1496 omnibus
1600 1446 1887 1497 Bawariis⁰
1925 1445 2088 1498 Saxo·

235 1538 327 1570 nes
377 1519 680 1570 adiuturum
716 1534 823 1566 non
861 1514 1151 1566 dubitabat.
1224 1514 1371 1582 Ergo
1412 1515 1675 1583 quendam
1711 1516 1924 1566 nomine
1961 1515 2087 1566 Ein-

234 1588 479 1651 nonemd,
529 1593 736 1655 praeter
785 1585 1061 1636 audaciam
1097 1583 1259 1634 nichil
1295 1584 1503 1635 virtutis
1540 1584 1819 1636 habentem
1833 1595 1866 1650 1,
1914 1586 2087 1654 pretio

237 1658 490 1708 conduxit
533 1665 584 1707 et
633 1652 1070 1723 promissionibus
1121 1652 1445 1718 sollicitavit,
1493 1662 1551 1705 ut
1599 1654 1787 1706 ducem
1837 1653 1902 1706 de
1945 1654 2088 1723 regis

235 1735 403 1778 morte
441 1743 620 1777 secum
659 1732 911 1775 tractasse
949 1722 1158 1786 diceret,
1198 1731 1248 1773 et
1284 1722 1415 1773 hoce
1454 1741 1525 1788 se,
1563 1724 1608 1773 si
1642 1730 1875 1792 negaret,
1913 1724 2088 1791 singu-

235 1795 334 1847 lari
386 1794 523 1847 bello
584 1793 927 1859 probaturum
988 1792 1332 1861 promitteret.
1421 1791 1531 1843 Itaf
1586 1793 1886 1844 certaminis
1945 1792 2088 1844 illius

238 1866 519 1916 constituto
565 1863 665 1928 die,
711 1862 835 1914 Otto
880 1860 947 1912 ab
986 1861 1169 1911 amicis
1208 1861 1315 1911 suis
1353 1861 1618 1930 episcopis
1657 1870 1708 1913 et
1743 1860 1858 1912 aliis
1894 1863 2089 1931 princi-

236 1934 394 2003 pibus
432 1939 821 2002 praemonetur,
860 1929 1003 2000 quod
1043 1931 1086 1980 si
1126 1928 1422 1982 Goslariam
1457 1931 1677 1995 veniret,
1724 1931 1817 1983 ubi
1855 1929 2089 1983 duellum

236 2003 351 2054 fieri
389 2002 632 2067 debebat,
671 2001 876 2052 etiamsi
913 1999 1273 2050 adversarium
1300 2017 1455 2049 suum
1481 2000 1726 2066 vinceret,
1762 2008 1939 2052 tamen
1965 2002 2089 2053 inde

237 2091 359 2124 cum
396 2074 507 2123 vita
542 2089 649 2122 non
684 2070 892 2121 rediret.
956 2067 1132 2137 Elegit
1170 2086 1295 2136 ergo
1334 2068 1531 2120 honore
1568 2087 1663 2120 suo
1695 2070 1872 2138 potius
1896 2071 2089 2122 iniuste

235 2142 450 2211 privari,
491 2159 648 2210 quam
685 2139 788 2190 tale
825 2138 1084 2189 iudicium
1122 2137 1315 2203 subire,
1354 2136 1446 2188 ubi
1485 2138 1686 2190 sciebat
1720 2139 1823 2208 ipsi
1859 2140 2089 2192 iustitiae

236 2209 537 2262 violentiam
590 2208 718 2260 fieri.
799 2209 970 2275 Igitur
1015 2206 1085 2257 ad
1134 2225 1230 2258 sua
1282 2207 1515 2273 recessit,
1574 2214 1625 2259 et
1678 2209 1937 2260 associato
1987 2208 2090 2260 sibi

237 2281 449 2348 Magno,
487 2279 621 2330 duce
649 2278 929 2339 Saxoniae,
969 2295 1064 2345 per
1099 2276 1230 2327 duos
1267 2275 1376 2327 fere
1408 2294 1573 2327 annos
1600 2294 1719 2328 cum
1743 2296 1868 2346 rege
1894 2277 2091 2329 bellum

114 2347 448 2400 1071.crudele
496 2348 673 2417 gessit.
747 2346 957 2398 Deinde
1009 2345 1241 2396 consiliis
1288 2346 1579 2396 amicorum
1629 2347 1813 2412 coacti,
1864 2365 1983 2397 cum
2033 2365 2090 2398 se

237 2420 415 2487 regiae
464 2417 731 2468 traderent
774 2415 1039 2485 potestati,
1084 2434 1180 2466 1·οΧ
1228 2414 1482 2482 Magnum
1533 2416 1722 2467 ducem
1771 2417 1827 2466 in
1877 2434 2091 2468 carcere

239 2506 332 2539 suo
370 2506 465 2556 per
501 2488 765 2554 integrum
803 2485 1073 2536 biennium
1109 2484 1292 2548 tenuit,
1330 2485 1404 2535 ita
1439 2493 1497 2535 ut
1533 2483 1707 2536 nullus
1744 2485 1798 2535 in
1834 2484 1934 2537 1100
1960 2493 2091 2538 tem-

238 2575 366 2627 pore
405 2557 577 2619 sciret,
615 2563 793 2605 utrum
830 2555 1034 2606 viveret
1070 2552 1154 2604 vel
1191 2551 1284 2603 ubi
1321 2561 1474 2605 esset.

378 2626 460 2677 20.
535 2625 728 2675 Postea
783 2623 984 2692 legatos
1045 2623 1111 2673 ad
1158 2640 1339 2690 regem
1389 2623 1700 2674 Danorum2
1755 2624 1901 2675 misit
1954 2623 2092 2675 ultra

238 2713 398 2760 mare,
439 2712 664 2762 eumque
704 2692 805 2744 sibi
843 2692 910 2742 ad
935 2691 1288 2742 Bardanwich
1323 2694 1531 2761 rogavit
1568 2710 1856 2758 occurrere,
1898 2710 2001 2762 quo
2039 2700 2093 2745 et

238 2766 351 2833 ipse
390 2783 512 2814 cum
551 2763 734 2831 paucis
762 2762 1008 2830 perrexit,
1048 2779 1170 2811 cum
1195 2759 1339 2810 nulla
1363 2761 1504 2812 fama
1529 2770 1763 2826 testetur,
1804 2762 1943 2831 quod
1970 2770 2091 2813 ante

241 2852 360 2884 eum
411 2832 546 2883 ullus
583 2850 680 2882 rex
716 2833 769 2882 in
806 2830 918 2881 illas
956 2838 1132 2898 partes
1170 2832 1470 2898 pervenerit
1486 2839 1520 2880 3.
1594 2831 1795 2898 Regem
1832 2830 1978 2881 illum
2015 2831 2092 2884 ibi

243 2901 457 2953 obvium
497 2900 699 2964 habuit,
738 2919 859 2950 cum
899 2917 959 2950 eo
999 2907 1258 2950 secretum
1297 2898 1619 2968 colloquium
1644 2899 1783 2964 fecit,
1824 2899 2090 2951 00100110-

243 3038 281 3075 a‘)
324 3037 371 3066 ita
416 3038 445 3068 2.
485 3036 631 3074 umqum
666 3035 767 3064 modo
805 3035 911 3066 Teut.
949 3034 1049 3064 modo
1088 3034 1221 3064 Theut.
1252 3035 1282 3064 1.
1434 3032 1472 3074 b)
1502 3044 1538 3066 n.
1569 3034 1614 3065 de
1641 3035 1837 3066 Northeim
1864 3043 1887 3065 a
1913 3034 2002 3066 Sax.
2033 3030 2089 3067 lb.

246 3084 279 3125 c)
308 3085 357 3115 ica
387 3086 428 3123 23
456 3085 628 3115 Bawaris
658 3084 692 3113 1.
793 3080 831 3122 d)
860 3084 1072 3113 Emnonem
1102 3083 1133 3114 1.
1235 3079 1270 3120 e)
1298 3082 1387 3112 deest
1415 3084 1444 3115 1.
1545 3082 1576 3112 si
1603 3083 1736 3121 Itaque
1766 3079 1820 3114 lb.

249 3177 294 3221 1)
328 3177 443 3217 Eum
476 3178 528 3217 de
564 3176 896 3227 Conraclesbury
928 3183 1080 3214 natum
1100 3176 1261 3227 fuisse,
1297 3175 1350 3214 cle
1374 3174 1576 3215 Ledebur
1600 3175 1834 3228 probavit‚·
1868 3176 1923 3228 cf.
1950 3175 2090 3216 ‘Neue

246 3238 446 3277 Micrlaeil.
472 3238 546 3277 cles
580 3235 897 3276 Than-Sacks.
935 3234 1123 3275 Is'ereins'
1156 3235 1234 3284 IX,
1261 3237 1302 3285 3,
1329 3235 1398 3274 28.
1446 3236 1498 3276 W.
1597 3236 1642 3285 2)
1668 3236 1914 3277 Suenortem
1946 3236 2026 3288 Ulfi
2049 3241 2088 3276 et

245 3297 436 3397 ᾗςζὲἰέαξ
458 3298 773 3397 ,Ῑῖῖίξζ-ξη,ἕααο
809 3294 969 3335 Canuti
1001 3310 1124 3334 soror
1143 3297 1316 3347 fuerat.
1378 3296 1432 3336 W.
1579 3297 1627 3348 3)
1658 3296 1722 3350 Cf.
1756 3296 1950 3336 Annales
1976 3294 2087 3336 Ein-
