2204 3765
559 92 756 133 BRUNO
787 94 868 133 DE
900 94 1095 134 BELLO
1130 94 1438 136 SAXONICO.
1866 108 1916 143 13

80 228 206 295 quio
244 235 452 295 praeter
488 229 796 297 episcopum
822 229 1198 282 Adalbertum¹
1240 241 1290 283 et
1327 250 1487 282 unum
1527 233 1592 284 de
1617 237 1774 302 regiis
1801 256 1918 288 eon·
1940 256 2041 289 ιοτι.

79 294 400 346 siliatoribus
446 295 617 348 nullus
667 299 915 351 interfuit.
999 300 1183 367 Ipsum
1228 309 1399 351 tamen
1449 300 1762 370 colloquium
1817 325 1919 357 non

79 363 174 415 diu
208 362 372 430 latuit,
411 367 532 433 quia
568 365 652 417 ille
691 369 781 436 qui
819 385 937 417 cum
975 369 1224 437 episcopo
1263 368 1403 419 solus
1429 369 1624 434 aderat,
1658 389 1773 421 cum
1802 393 1920 424 con-

79 431 253 484 silium
306 434 450 502 quod
494 435 567 487 ibi
615 435 852 488 fecerunt
893 435 1170 503 prohibere
1221 455 1324 486 non
1375 447 1565 505 posset,
1613 438 1739 489 illud
1779 444 1919 510 quod

77 510 286 570 poterat
333 502 520 565 effecit,
573 504 713 572 quod
762 505 1030 572 principes
1069 506 1348 567 Saxoniae,
1397 524 1622 574 quorum
1660 509 1919 574 intererat,

76 571 252 638 ipsum
290 571 568 623 consilium
604 590 711 623 non
747 572 946 624 lateret.
1006 572 1122 622 Rex
1160 575 1298 623 enim
1326 574 1597 625 Danorum
1624 578 1734 642 regi
1764 578 1920 629 Hein-

77 640 188 690 rico
237 640 443 705 iuravit,
488 650 546 692 ut
590 642 639 691 ei
689 650 871 692 contra
921 658 1099 690 omnes
1138 641 1311 692 hostes
1351 661 1489 707 suos,
1528 653 1579 695 et
1615 646 1919 697 nominatim

77 718 263 759 contra
319 707 584 774 Saxones,
642 718 896 779 quantum
951 718 1130 777 posset
1184 720 1322 761 terra
1375 713 1610 781 marique
1666 715 1919 766 auxilium

76 775 259 843 ferret,
306 785 357 828 et
392 796 487 829 rex
524 779 807 830 Heinricus
845 777 919 828 illi
956 779 1212 846 promisit,
1251 789 1308 830 ut
1346 781 1391 830 ei
1431 792 1645 833 cunctas
1683 786 1920 851 regiones

77 863 174 897 suo
211 863 374 914 regno
414 847 687 915 contiguas
724 848 778 897 in
817 848 1087 915 proprium
1126 847 1289 898 daret.

216 916 299 966 21.
371 915 541 983 Igitur
576 915 663 967 illo
703 915 963 984 colloquio
1001 916 1147 966 finito
1176 925 1226 966 et
1251 917 1524 968 Danorum
1551 939 1672 985 rege
1698 939 1920 986 reverso,

75 1001 173 1034 rex
227 983 513 1034 Heinricus
563 983 833 1036 castellum
886 984 1226 1053 *Liuniburg,
1275 986 1414 1054 quod
1461 986 1534 1037 ibi
1583 1008 1746 1056 prope
1797 1001 2100 1055 crannus-se.

75 1052 448 1117 consideravit,
497 1054 646 1104 cuius
685 1055 974 1105 munitione
1012 1064 1303 1121 perspecta,
1342 1056 1394 1104 in
1433 1057 1543 1106 eius
1583 1058 1922 1125 cupiditatem

76 1139 172 1172 suo
210 1139 356 1172 more
393 1121 730 1174 vehementer
767 1124 976 1187 exarsit,
1017 1124 1168 1191 quasi
1207 1125 1250 1173 si
1287 1122 1416 1174 illud
1455 1126 1508 1174 in
1546 1143 1643 1175 sua
1669 1137 1924 1194 potestate

74 1197 293 1256 teneret,
330 1189 505 1241 nullus
541 1192 595 1242 in
632 1191 732 1242 illis
770 1190 1009 1260 partibus
1048 1191 1149 1242 sibi
1186 1193 1425 1244 resistere
1464 1195 1734 1261 potuisset.
1790 1195 1924 1246 Illud

74 1267 252 1310 autem
290 1259 559 1311 castellum
584 1262 766 1329 Magni
803 1261 953 1311 ducis
991 1268 1271 1329 parentum
1310 1280 1516 1330 semper
1551 1263 1732 1327 fuerat,
1771 1274 1821 1314 et
1857 1265 1924 1315 ad

73 1329 252 1396 ipsum
295 1347 552 1398 suumque
590 1339 837 1399 patruum
874 1330 1261 1381 Herimannum
1299 1338 1424 1380 tunc
1461 1330 1773 1384 hereditario
1813 1334 1924 1384 iure

75 1406 406 1467 pervenerat.
479 1399 567 1450 Ex
616 1400 798 1468 paucis
845 1417 970 1467 ergo
1009 1417 1140 1468 quos
1189 1397 1418 1451 habebat
1464 1418 1641 1451 secum
1690 1400 1925 1452 fidelissi-

76 1484 208 1531 mOS,
250 1469 588 1536 septuaginta
624 1469 731 1519 fere
770 1468 970 1519 dimisit
1006 1469 1060 1518 in
1097 1466 1185 1518 illo
1225 1468 1453 1533 castello,
1501 1471 1591 1537 qui
1630 1479 1709 1521 eta
1748 1471 1922 1539 ipsum

75 1542 347 1605 totamque
384 1538 655 1605 regionem
694 1538 832 1588 circa
870 1536 1241 1606 compellerent
1277 1539 1422 1605 regio
1459 1557 1641 1605 parere
1669 1539 1924 1591 serviliter

76 1607 315 1674 imperio.
392 1606 498 1657 Sed
535 1607 615 1658 his
652 1615 847 1658 temere
885 1607 1152 1674 ingressis,
1191 1606 1545 1657 Hei-imannus
1593 1607 1717 1658 dum
1764 1627 1858 1658 rex
1897 1629 1924 1661 e

75 1673 269 1725 finibus
308 1676 414 1726 suis
450 1676 636 1727 fuisset
661 1694 903 1744 egressus
930 1684 1189 1744 expectat,
1228 1684 1279 1727 et
1303 1695 1430 1727 mox
1455 1678 1629 1744 ipsum
1657 1676 1925 1727 castellum

78 1760 198 1793 cum
235 1743 401 1795 multa
437 1747 628 1797 virt-ute
668 1745 976 1796 circumdat.
1037 1743 1119 1796 Illi
1158 1745 1286 1814 quid
1311 1745 1579 1796 facerent‘.>
1642 1745 1925 1797 Castellum

78 1812 294 1882 quidem
330 1813 462 1866 forte
499 1824 551 1866 et
587 1815 787 1866 cunctis
823 1815 924 1865 nisi
961 1813 1056 1864 soli
1094 1814 1221 1864 fami
1258 1813 1625 1883 insuperabile,
1665 1815 1756 1866 sed
1781 1833 1926 1883 prae-

75 1889 159 1934 ter
211 1900 408 1950 paucos
461 1902 655 1952 panes,
715 1902 845 1953 quos
902 1882 1233 1934 discedentes
1289 1883 1533 1934 monachi
1592 1883 1925 1952 reliquerant,

76 1951 240 2004 nichil
276 1952 418 2021 quod
454 1953 764 2005 manducari
793 1961 972 2022 posset
995 1951 1239 2018 habebat,
1277 1963 1328 2004 et
1352 1953 1515 2004 fames
1542 1971 1629 2004 eos
1657 1952 1927 2003 castellum

76 2019 373 2093 relinquere
410 2021 643 2089 iubebat,
682 2023 774 2074 sed
812 2023 969 2074 obvia
1003 2021 1127 2072 ferri
1164 2023 1332 2073 virtus
1370 2040 1458 2073 eos
1497 2023 1641 2074 exire
1666 2040 1771 2073 non
1797 2023 1926 2073 sine-

76 2089 184 2142 bat.
257 2092 451 2143 Paucis
497 2100 673 2144 autem
721 2110 827 2143 non
874 2099 987 2142 erat
1022 2099 1193 2143 tutum
1232 2109 1352 2141 eum
1391 2092 1626 2142 exercitu
1662 2092 1837 2142 venire
1876 2092 1927 2140 in

76 2160 353 2229 proelium.
438 2161 779 2213 Deditionem
830 2179 955 2229 ergo
1008 2161 1188 2212 comiti
1237 2161 1561 2212 Herimanno
1617 2160 1925 2224 offerebant3

78 2229 173 2280 sed
217 2229 318 2296 ille,
367 2231 469 2280 nisi
505 2231 732 2300 Magnus
772 2231 899 2296 dux,
950 2229 1088 2280 filius
1126 2229 1297 2281 fratris
1337 2230 1434 2295 sui,
1482 2228 1689 2294 red1ret,
1728 2228 1927 2279 nullum

77 2298 298 2350 istorum
337 2299 605 2351 abiturum
644 2300 868 2351 dicebat.
943 2301 1061 2364 Quo
1102 2308 1372 2367 comperto
1410 2317 1505 2349 rex
1541 2297 1729 2349 multas
1766 2315 1926 2365 angu-

40 2369 206 2432 ‚stias
254 2368 463 2434 habuit,
515 2388 614 2420 nec
671 2369 799 2438 quid
849 2367 949 2420 sibi
994 2368 1178 2419 fuisset
1226 2368 1367 2433 utile,
1423 2366 1573 2418 facile
1629 2369 1926 2434 excogitare

77 2439 265 2505 potuit.
339 2437 463 2489 Illos
510 2437 753 2491 obsessos
790 2457 885 2507 per
921 2438 1030 2488 vim
1066 2437 1290 2489 liberare
1327 2454 1431 2488 non
1467 2437 1653 2505 potuit,
1704 2438 1825 2504 quia
1863 2435 1926 2487 de

81 2506 402 2572 Saxonibus,
442 2526 573 2576 quos
613 2508 838 2559 offensos
875 2506 1119 2572 habebat,
1161 2508 1451 2558 exercitum
1478 2523 1796 2572 congregare
1822 2522 1927 2554 non

80 2576 330 2642 credidit,
379 2576 443 2628 de
494 2577 742 2644 gentibus
792 2594 919 2628 vero
969 2575 1083 2626 aliis
1135 2594 1260 2627 suae
1299 2576 1483 2626 ditioni
1522 2575 1769 2626 subiectis
1810 2590 1924 2623 eam

77 2645 482 2711 multitudinem,
523 2647 605 2697 cui
643 2646 767 2696 illuc
803 2647 878 2697 ire
914 2653 1088 2696 tutum
1128 2654 1280 2710 esset,
1318 2663 1422 2695 non
1460 2643 1658 2694 habuit.
1719 2642 1926 2692 Ducem

78 2714 300 2766 reddere
337 2714 518 2778 noluit,
571 2717 695 2785 quia
733 2715 859 2766 dum
895 2713 1041 2764 illum
1079 2715 1133 2764 in
1170 2713 1393 2765 vinculis
1430 2714 1657 2775 tenebat,
1709 2729 1923 2762 securus

79 2803 112 2836 a
147 2784 284 2836 bello
314 2784 578 2836 Saxoniae
615 2785 728 2836 fuit.
793 2783 946 2836 Solus
985 2783 1125 2834 enim
1160 2784 1317 2834 timor
1353 2802 1418 2834 ne
1465 2781 1548 2832 ille
1586 2780 1927 2844 occideretur,

78 2853 204 2904 fecit
251 2863 310 2906 ut
354 2863 431 2906 tot
476 2855 680 2905 iniuriis
724 2855 960 2922 acceptis
1011 2851 1207 2904 bellum
1255 2869 1360 2902 non
1409 2851 1741 2919 inciperetur.
1826 2849 1927 2898 Tot

78 2931 258 2975 autem
306 2923 641 2975 fidelissimos
691 2940 829 2988 suos,
876 2924 1014 2973 inter
1052 2939 1181 2991 quos
1219 2922 1379 2972 etiam
1417 2928 1563 2971 erant
1599 2919 1688 2987 qui
1724 2917 1925 2968 nobiles

80 3001 332 3061 cognatos
370 2992 636 3045 habebant
673 3002 724 3044 et
748 2992 924 3057 fortes,
965 2991 1007 3041 si
1033 2991 1205 3059 perire
1232 2990 1532 3054 dimitteret,
1569 2986 1767 3038 nullum
1793 2985 1926 3064 ultra

78 3060 288 3113 fidelem
327 3062 428 3114 sibi
463 3063 735 3126 inveniret,
776 3073 827 3112 et
862 3070 1035 3113 tutum
1070 3068 1279 3127 tempus
1317 3059 1382 3110 ab
1409 3076 1587 3108 eorum
1614 3056 1924 3125 propinquis

78 3131 281 3183 nullum
323 3131 556 3183 haberet.
628 3130 882 3182 Reddidit
917 3147 1043 3197 ergo
1080 3129 1333 3197 Magnum
1371 3127 1574 3190 ducem,
1624 3133 1674 3176 et
1711 3141 1921 3174 suorum
1944 3137 2086 3222 affigam

81 3264 118 3307 a)
147 3267 264 3298 etiam
292 3262 350 3298 lb.

85 3384 130 3437 1)
169 3382 254 3433 om·
285 3384 330 3424 d.
357 3383 425 3424 17.
449 3381 607 3423 Marcii
641 3396 680 3421 a.
721 3381 849 3421 1072.
886 3378 1003 3420 obsit.
1060 3378 1117 3418 W.
