2204 3765
513 72 715 113 BRUNO
750 72 832 112 DE
865 72 1064 114 BELLO
1095 72 1409 116 SAXONICO.
1823 85 1875 121 31

46 215 286 278 querunt.
359 207 496 260 Nam
536 226 657 260 cum
694 210 886 260 nostris
937 228 1005 261 ex
1040 210 1279 278 partibus
1328 230 1395 262 ex
1433 214 1650 262 summis
1695 217 2007 281 princi-1075.

43 276 202 346 pibus
252 276 595 328 Gevehardus
645 289 872 342 comes1,
922 297 990 329 ex
1037 280 1220 331 mediis
1268 299 1393 332 vero
1444 281 1487 331 F
1492 282 1786 333 olcmarus³
1836 299 1884 336 ct

44 346 334 415 Suidgerus
374 348 701 412 cecidissent,
741 365 808 398 ex
845 346 933 398 illa
967 358 1115 416 parte
1153 350 1427 401 iacuerunt
1465 360 1582 401 octo
1620 352 1882 418 primates,

41 433 149 467 non
186 416 359 466 minus
396 416 511 485 ipso
549 434 674 484 rege
712 415 933 467 nobiles,
1008 417 1126 468 Hoc
1153 417 1409 486 proelium
1437 420 1664 487 primum
1691 421 1883 472 factum

46 493 125 537 est
160 502 296 535 anno
333 484 554 536 Domini
595 486 745 549 1075,
784 487 832 536 ὁ.
871 485 1032 536 Idusb
1072 487 1228 551 Iunii,
1265 487 1393 538 feria
1431 489 1601 539 tertia.

180 554 266 605 47.
339 554 485 623 Ergo
522 572 619 605 rex
656 554 850 623 adepta
875 572 992 605 cum
1021 554 1184 606 multo
1213 573 1426 607 suorum
1453 575 1634 608 cruore
1667 559 1886 609 victoria

41 621 245 692 aliquot
289 622 401 674 dies
449 625 587 676 intra
635 640 731 674 sua
781 633 954 674 castra
1000 623 1263 689 manebat,
1309 626 1475 677 donec
1526 645 1613 677 cos
1652 645 1783 695 quos
1822 627 1884 679 dc

42 694 151 744 suis
188 699 358 743 metus
397 693 716 761 disperserat
752 691 1036 760 recollegit,
1074 703 1124 745 et
1161 704 1394 745 mortuos
1423 713 1543 746 suos
1571 695 1651 747 vcl
1678 695 1885 765 sepeliri

41 760 126 814 vel
149 762 205 812 in
227 762 455 831 patriam
482 761 811 830 sepeliendos
837 761 961 814 fecit
986 763 1249 832 deportari
1266 773 1299 814 0.
1363 764 1570 816 Deinde
1598 768 1884 817 saxoniam

41 831 198 882 nimis
246 830 414 883 laetus
462 832 694 896 intravit,
747 848 903 899 quam
954 833 1028 882 sic
1067 842 1397 901 prostratam,
1439 845 1493 886 ut
1532 833 1744 886 ulterius
1782 853 1885 885 non

41 909 340 969 resurgeret
376 901 687 952 aestimavit.
753 900 930 952 Obvia
957 920 1196 971 quaeque
1223 904 1524 971 praedando
1552 904 1767 972 diripuit
1795 916 1886 956 aut

40 970 287 1022 incendio
326 971 666 1038 consumpsit.
744 970 800 1022 Si
837 972 1034 1038 pagani
1071 990 1165 1023 nos
1203 973 1274 1023 ita
1312 973 1588 1038 vicissent,
1633 992 1734 1024 non
1780 994 1884 1025 ma-

39 1040 204 1091 iorem
241 1040 295 1090 in
331 1041 503 1091 victos
542 1038 901 1091 crudelitatem
941 1051 1257 1093 exercerent.
1315 1042 1546 1093 Feminis
1583 1042 1654 1092 nil
1693 1045 1887 1111 profuit

39 1110 94 1160 in
133 1109 381 1161 ecclesias
418 1109 615 1177 fugisse
653 1108 736 1160 vel
763 1108 882 1160 illuc
911 1129 1033 1161 suas
1060 1129 1142 1162 res
1170 1121 1542 1180 comportasse.
1616 1112 1749 1162 Nam
1789 1117 1886 1166 viri

39 1196 134 1248 per
171 1178 327 1230 silvas
364 1179 695 1247 diffugerant,
743 1178 827 1230 vel
873 1178 1177 1249 ubicunque
1225 1200 1371 1250 spem
1424 1181 1602 1233 salutis
1651 1183 1884 1236 invenire

39 1249 249 1301 latendo
294 1255 590 1318 potuerant.
672 1248 920 1300 Feminas
970 1249 1023 1300 in
1072 1251 1200 1320 ipsis
1239 1251 1488 1317 ecclesiiS,
1536 1255 1691 1304 etiam
1730 1255 1773 1304 si
1810 1254 1885 1304 fu-

38 1319 239 1388 gissent
273 1318 341 1370 ad
367 1317 545 1384 altare,
573 1319 992 1387 corrumpebant,
1019 1338 1218 1389 suaque
1243 1320 1459 1373 libidine
1488 1321 1710 1374 barbaro
1742 1341 1884 1374 more

38 1387 317 1458 completa,
343 1387 566 1440 feminas
593 1406 714 1438 cum
741 1388 973 1440 ecclesiis
1001 1389 1395 1443 comburebant.
1457 1392 1729 1462 Principes
1760 1411 1883 1444 vero

35 1459 201 1511 nostri
227 1457 464 1509 diversas
490 1459 809 1509 munitiones
837 1459 1165 1511 intraverunt
1200 1467 1249 1511 et
1285 1460 1406 1512 inde
1433 1460 1721 1531 legationes
1746 1465 1883 1532 regis

34 1528 369 1597 principibus
409 1527 620 1579 obviam
658 1529 930 1594 miserunt,
971 1528 1304 1581 obsecrantes
1352 1539 1408 1581 ut
1455 1531 1538 1583 vel
1583 1551 1721 1583 nunc
1763 1533 1878 1584 Deo

36 1597 101 1649 de
141 1615 236 1649 sua
272 1596 475 1665 gloriad
511 1598 709 1666 gratias
745 1606 978 1665 agerent,
1028 1602 1105 1650 et*
1143 1599 1391 1650 fratribus
1431 1602 1538 1651 suis
1576 1603 1629 1652 in
1669 1602 1875 1654 Christo
1896 1617 1943 1659 ’μ
1962 1619 2043 1652 346.

33 1685 132 1737 pro
172 1666 369 1719 Christi
405 1668 616 1718 nomine
653 1665 737 1718 vel
761 1668 914 1719 victis
938 1677 1229 1735 parcerent.
1296 1669 1531 1733 Quarum
1557 1670 1877 1740 legationum

36 1736 294 1807 quasdam
333 1753 631 1806 supponere
659 1735 990 1804 complacuit,
1029 1746 1087 1788 ut
1112 1756 1180 1788 ex
1206 1738 1284 1789 his
1310 1737 1473 1791 lector
1501 1749 1714 1807 ceteras,
1756 1743 1878 1810 quia

36 1825 219 1860 omnes
258 1805 482 1857 eundem
522 1824 733 1857 sensum
770 1805 1084 1871 habebante‚
1123 1825 1409 1875 agnoscere
1446 1812 1626 1878 possit.

171 1877 258 1929 48.
331 1875 607 1945 Siyifrido
663 1876 986 1945 IlIaqontino
1043 1884 1088 1927 et
1150 1877 1509 1930 Adalberonif
1582 1881 1874 1932 lVircebur-

34 1949 205 2017 yensi,
244 1946 599 2015 praesulibus
646 1947 1033 2011 sanctissimis,
1093 1947 1472 1999 Werinlierusg
1518 1948 1624 2000 solo
1664 1953 1876 2002 nomine

35 2016 562 2087 Mayedaburyensis
617 2017 928 2084 episcopus,
987 2018 1247 2084 quicquid
1302 2017 1558 2069 humilius
1605 2027 1778 2087 potest
1832 2028 1877 2071 et

34 2087 291 2138 devotius.
369 2084 515 2145 Quia
551 2104 643 2137 vos
671 2085 806 2137 duos
831 2086 1063 2137 duorum
1080 2096 1493 2156 praeceptorum
1519 2088 1626 2140 Dei
1646 2090 1876 2157 flamma

23 2155 158 2226 plus
184 2156 313 2208 aliis
323 2155 542 2224 fervere
569 2174 678 2206 non
705 2155 903 2220 dubito,
941 2156 1246 2223 specialiter
1273 2158 1347 2208 ad
1371 2177 1461 2209 vos
1488 2158 1622 2209 duos
1648 2159 1876 2227 supplem

33 2225 309 2296 confuyio,
347 2244 553 2295 royans
579 2233 626 2276 et
651 2225 951 2291 obsecrans,
989 2234 1047 2275 ut
1076 2227 1133 2277 in
1160 2227 1253 2278 hoc
1271 2228 1572 2296 perfectam
1599 2228 1705 2279 Dei
1732 2230 1872 2280 cari-

32 2304 207 2361 tatem,
233 2297 372 2347 sicut
397 2295 605 2362 confido
632 2314 723 2347 vos
752 2295 958 2360 habere,
981 2297 1235 2364 probetis,
1262 2304 1320 2346 ut
1348 2299 1403 2347 in
1429 2299 1648 2348 miseros
1659 2298 1875 2365 fratres

29 2366 435 2419 misericordiae
471 2368 679 2417 viscera
704 2365 1120 2417 misericorditer
1145 2366 1401 2417 habeatis.
1462 2366 1698 2436 Cogitate
1727 2369 1873 2436 quia,

32 2437 170 2488 sicut
214 2455 305 2487 vos
341 2434 531 2487 melius
569 2453 728 2504 quam
767 2454 861 2504 eqo
901 2437 1140 2500 novistis,
1182 2436 1442 2505 quicquid
1480 2437 1651 2488 alicui
1685 2439 1872 2506 qratia

33 2507 228 2558 divina
263 2503 523 2574 lar9itur,
563 2506 659 2556 hoc
697 2507 746 2556 ei
783 2507 896 2556 vice
933 2504 1122 2557 talenti
1148 2506 1210 2556 de
1237 2524 1337 2574 quo
1364 2507 1628 2558 rationem
1652 2515 1872 2557 venturo

31 2576 209 2628 iudici
243 2576 439 2627 reddat
474 2576 791 2643 imputatur.
865 2574 1054 2644 Itaque
1089 2577 1221 2643 quia
1257 2576 1403 2627 vobis
1425 2574 1872 2643 familiaritatem

32 2664 215 2698 coram
241 2645 459 2697 domino
486 2652 667 2696 nostro
705 2662 827 2713 reye
862 2647 1007 2713 regis
1044 2645 1275 2696 coelestis
1311 2645 1684 2697 misericordia
1709 2644 1874 2696 voluit

32 2716 327 2780 concedere,
365 2717 442 2766 sic
469 2715 650 2783 ipsam
670 2713 1121 2781 familiaritatem
1142 2713 1322 2782 facite
1348 2716 1553 2766 cunctis
1587 2717 1680 2783 qui
1708 2722 1870 2766 vestro

30 2785 281 2855 indiyent
319 2784 539 2837 auaeilior
562 2784 833 2853 prodesse,
873 2792 931 2834 ut
968 2792 1013 2835 et
1052 2786 1223 2835 omnis
1251 2785 1345 2852 qui
1368 2792 1537 2835 vestro
1573 2784 1871 2835 sublevatus

15 2854 199 2923 fuerit
243 2854 484 2921 auoeilio,
532 2855 595 2905 de
640 2861 817 2905 vestra
846 2853 1116 2922 felicitate
1161 2855 1424 2923 9audeat,
1473 2861 1519 2905 et
1561 2856 1677 2922 ipse
1723 2854 1871 2904 Deus

32 2933 309 2977 aeternam
343 2925 629 2976 mercedem
664 2924 810 2975 vobis
838 2943 948 2992 pro
985 2923 1133 2975 lucro
1172 2923 1360 2975 talenti
1396 2923 1611 2974 tribuat.
1685 2923 1868 2990 Inpri-

29 2995 132 3046 mis
167 2995 340 3064 i9itur
363 3013 534 3046 meam
560 3012 783 3045 causam
821 3013 938 3045 cum
975 2994 1187 3045 domino
1226 3001 1405 3045 nostro
1434 2993 1687 3062 dignetur
1723 2994 1870 3043 mise-

29 3065 278 3116 ricordia
313 3071 491 3116 vestra
525 3063 942 3115 misericorditer
978 3071 1227 3128 tractare,
1265 3062 1464 3113 scilicet
1501 3064 1632 3130 quia
1669 3080 1871 3129 semper

31 3197 68 3240 a)
96 3200 320 3230 Folomarus
350 3201 379 3230 1.
478 3198 517 3240 b)
545 3207 713 3229 numerus
740 3199 771 3229 V
804 3199 945 3235 excidit,
983 3207 1081 3238 quem
1116 3199 1299 3237 suppleri,
1334 3207 1417 3228 nam
1452 3198 1524 3228 dies
1562 3201 1675 3228 certus
1705 3200 1762 3226 est.
1820 3193 1869 3225 W.

32 3247 66 3289 c)
93 3249 145 3279 ita
173 3249 213 3287 23
250 3248 424 3287 deputari
454 3250 484 3278 1.
575 3247 612 3288 d)
640 3248 801 3279 victoria
836 3248 869 3277 2.
949 3256 983 3286 e)
1012 3248 1177 3278 habeant
1214 3249 1243 3283 1,
1335 3247 1364 3286 f)
1390 3247 1576 3278 Alheroni
1613 3244 1800 3276 VVertzeb.
1831 3245 1866 3281 13

29 3297 281 3329 Athelberoni
308 3298 341 3328 2.
442 3296 478 3337 g)
505 3297 564 3328 W.
597 3299 628 3327 1.

30 3373 78 3429 1)
111 3373 527 3429 Supplinburyensis
560 3388 709 3425 comeS,
741 3372 945 3415 Lotharii
976 3374 1252 3426 imperatoris
1278 3380 1422 3426 pater.
1498 3371 1555 3412 W.
