2204 3765
529 114 730 155 BRUNO
764 115 846 154 DE
879 117 1076 159 BELLO
1112 119 1429 162 SAXONICO.
1844 131 1906 170 83

54 255 330 324 promisit.
391 250 638 311 Quarum
676 251 977 303 litterarum
1013 254 1209 306 latores
1246 277 1364 308 cum
1403 263 1793 326 appropiarent
1834 268 2026 316 admw,

66 342 213 389 eum,
264 341 299 372 a
336 323 453 372 suis
471 320 796 388 fautoribus
835 324 1007 390 capti,
1061 325 1285 391 quidam
1327 328 1385 376 in
1424 330 1718 380 custodiam
1755 336 1907 384 missi

65 399 194 444 sunt
229 391 411 460 quoad
445 408 611 459 usque
647 391 883 458 pecunia
921 392 1319 458 redimerentur,
1360 395 1458 446 alii
1490 415 1611 448 vero
1650 403 1909 452 excoriati

69 481 133 514 ac
192 459 510 529 decapillati
565 466 706 511 sunt.
797 457 952 518 Quod
1002 479 1119 510 cum
1165 464 1237 512 acl
1292 472 1496 515 nostros
1550 470 1909 520 renuntiatum

49 531 286 600 fuisset,
335 531 527 581 iterum
577 546 680 597 per
728 528 896 579 alium
950 531 1202 580 nuntium
1249 531 1563 599 leqationem
1613 544 1657 586 et
1705 536 1908 588 litteras

70 600 398 669 apostolicas
461 600 905 662 transm-iserunt,·
977 617 1012 648 a
1070 617 1170 666 quo
1232 601 1346 667 ipse
1407 603 1566 653 verba
1629 604 1911 672 legyationis

69 671 302 722 audiens
349 667 519 719 nichil
563 668 870 735 respondit,
927 666 1132 717 litteras
1178 687 1300 719 vero
1339 680 1622 737 porrectas
1672 676 1912 742 accipere

65 740 353 791 recusavit.
428 737 644 788 Huiusa
691 737 772 787 rei
820 743 967 786 testes
1015 744 1142 786 sunt
1187 738 1338 789 multi
1374 740 1575 802 idonei,
1614 746 1912 811 praecipue.

70 817 246 860 autem
295 807 439 858 sedis
485 804 810 874 apostolicae.
854 805 1062 874 legatus
1113 807 1340 859 domnus
1388 809 1746 862 Bernhardus
1793 833 1910 863 car-

68 878 294 942 dinalis,
334 878 428 945 qui
454 876 512 927 ob
541 877 598 927 id
636 876 905 944 neqotium
942 877 1002 925 in
1030 874 1155 926 illas
1185 885 1373 943 partes
1408 883 1756 931 transmissus
1782 892 1911 933 erat.

73 947 184 1008 Qui
209 965 328 999 cum
353 946 671 1015 Ζ6977ίί0776777
711 963 865 995 suam
891 945 949 994 in
987 945 1203 996 irritum
1221 949 1513 1014 procedere
1539 954 1911 1018 conspexisset,

69 1018 314 1087 quamvis
377 1022 576 1066 certum
612 1015 842 1083 fuisset,
894 1015 1236 1082 praedictum
1291 1019 1465 1068 virum
1503 1037 1608 1086 pro
1660 1022 1913 1071 adiuncto

68 1086 465 1139 inobedientiae
515 1085 771 1153 periurio
827 1084 1039 1152 prioris
1087 1085 1445 1137 (mathematis
1500 1089 1710 1138 vinculo
1761 1092 1909 1140 inno-

67 1157 271 1222 datum,
312 1155 375 1206 de
403 1172 504 1223 quo
530 1156 641 1205 iam
671 1153 744 1204 ad
781 1160 986 1221 tempus
1014 1154 1461 1206 condicionaliter
1488 1157 1756 1207 absolutus
1776 1159 1914 1226 fuit,

67 1234 245 1278 tamen
285 1225 425 1294 quod
464 1224 568 1275 sibi
607 1223 672 1274 ab
713 1221 1013 1291 apostolica
1050 1224 1169 1274 sede
1205 1225 1506 1275 iniunctum
1545 1235 1616 1276 est
1652 1229 1912 1294 superim-

58 1297 266 1364 posuit.
328 1295 572 1345 Iussione
610 1295 782 1363 iqitur
819 1291 1117 1360 apostolica
1144 1295 1302 1361 re‘qni
1338 1295 1706 1363 9ubernacula
1743 1298 1913 1349 denuo

69 1367 119 1418 ei
145 1364 587 1428 contradicendo,
628 1383 661 1414 a
701 1381 921 1431 corpore
961 1370 1006 1413 et
1042 1365 1312 1431 sanquine
1352 1364 1556 1416 domini
1593 1369 1762 1417 nostri
1796 1367 1916 1418 Iesu

73 1435 275 1489 Christi
312 1442 358 1484 et
397 1452 430 1483 a
467 1433 748 1485 liminibus
787 1440 1007 1484 sanctae
1034 1431 1281 1484 ecclesiae
1307 1436 1583 1502 separavit
1616 1443 1718 1485 tam
1750 1435 1915 1496 illum,

70 1524 232 1575 quam
285 1522 460 1555 omnes
507 1503 610 1555 sibi
661 1504 1065 1566 consentientes,
1123 1510 1169 1553 et
1211 1504 1388 1553 virum
1438 1503 1604 1555 alium
1653 1507 1712 1555 in
1761 1507 1916 1574 reqia

70 1576 335 1645 diqnitate
374 1573 712 1639 confirmavit
750 1572 1048 1640 apostolica
1087 1574 1443 1623 auctoritate.¹
1514 1572 1661 1632 Quae
1699 1582 1916 1627 sanctae

67 1645 352 1696 Romanae
410 1643 662 1694 ecclesiae
720 1643 896 1694 edicta
945 1643 1083 1694 sicut
1140 1641 1254 1694 alia
1305 1642 1473 1694 multa
1527 1651 1914 1711 contempnens,

68 1733 296 1784 reqnum
333 1714 435 1765 sibi.
471 1715 581 1764 iam
618 1713 849 1763 secundo
886 1712 1229 1764 interdictum
1266 1713 1548 1777 invadens,
1586 1732 1749 1782 usque
1783 1715 1915 1765 adeo

70 1783 348 1837 demolitus
398 1790 471 1833 est
517 1782 869 1851 dissipando,
920 1790 978 1832 ut
1020 1782 1132 1832 iam
1167 1800 1392 1851 reqnum
1429 1783 1540 1833 dici
1583 1802 1686 1834 non
1726 1782 1916 1848 valeat,

70 1856 161 1906 cui
207 1853 362 1905 nulla
399 1871 580 1921 paene
624 1852 841 1921 regalia
891 1859 1196 1919 supersunt.
1275 1850 1404 1903 Cum
1449 1860 1621 1902 autem
1674 1853 1747 1903 ad
1795 1871 1913 1903 con-

70 1924 339 1976 ciliandos
373 1923 477 1974 sibi
498 1922 758 1991 faut-ores
793 1924 952 1990 o²e9ni
969 1921 1272 1988 facultates
1310 1921 1414 1972 sibi
1450 1940 1558 1972 non
1596 1921 1916 1989 siffficerent,

69 2013 291 2045 manum
339 1995 400 2044 in
451 2000 644 2043 sancta
694 1999 1003 2042 sanctor-um
1059 1991 1370 2056 extendens,
1426 1991 1765 2042 ecclesiarum
1812 1991 1917 2042 Dei.

61 2064 289 2132 publicu
317 2064 571 2114 sinvasor
602 2061 813 2130 effectus
839 2069 928 2126 est,
967 2079 1077 2112 non
1113 2080 1168 2111 eo
1210 2061 1419 2130 quidem
1457 2061 1626 2125 modo,
1667 2080 1766 2129 quo
1806 2062 1914 2112 iam

72 2133 139 2185 ab
167 2133 438 2202 aliquibus
462 2134 718 2202 tyrannis
737 2139 1149 2200 praesumptum
1175 2150 1282 2182 esse
1308 2132 1665 2200 coqnovimus.
1715 2131 1916 2181 Incom-

63 2203 348 2272 parabiles
386 2204 526 2253 enim
563 2210 610 2252 et
646 2203 762 2253 sine
799 2201 1036 2270 exemplo
1065 2202 1573 2269 praevaricationes
1608 2201 1739 2251 istae
1774 2208 1913 2251 sunt.

71 2273 218 2326 Nam
255 2292 363 2324 non
402 2272 662 2341 quaelibet
689 2272 934 2340 praedia
973 2278 1068 2321 aut
1109 2271 1348 2322 modicas
1388 2270 1601 2338 aliquas
1620 2269 1916 2337 facultates

71 2343 433 2409 ecclesiarum,
462 2342 553 2393 sed
578 2343 919 2410 episcopatus
947 2360 1108 2410 quam
1128 2341 1317 2409 plures
1343 2339 1630 2410 aufugatis
1654 2340 1916 2407 episcopis

73 2413 175 2466 sibi
221 2413 534 2480 usurpavit,
589 2419 637 2462 et
687 2411 946 2480 quicquid
996 2412 1068 2462 acl
1113 2412 1335 2462 servitia
1386 2409 1463 2460 vel
1513 2410 1917 2459 sustentationes

73 2485 451 2551 episcoporum
484 2483 764 2550 pertinuit,
801 2488 964 2532 totum
1002 2483 1116 2532 suis
1153 2499 1471 2548 suorumque
1497 2478 1680 2529 usibus
1713 2478 1914 2528 manci-

66 2553 243 2622 pavit.
298 2552 405 2604 Pro
445 2571 555 2621 qua
592 2570 649 2602 re
685 2553 951 2620 episcopis
981 2549 1466 2618 proclamantibus,
1505 2549 1727 2599 domnus
1754 2565 1917 2615 papa

73 2623 426 2693 querimoniis
462 2640 644 2673 eorum
680 2621 1044 2689 satisfaciens,
1081 2639 1188 2689 pro
1227 2638 1329 2670 sua
1356 2620 1559 2687 pietate
1599 2619 1658 2668 in
1696 2617 1921 2686 synodo,

73 2711 211 2762 quae
253 2693 336 2742 17.
375 2691 500 2742 Kal.
538 2691 806 2743 Decemb.2
844 2691 1032 2742 habita
1071 2698 1171 2755 est,
1216 2688 1690 2740 excommunicavit
1725 2704 1915 2749 omnes,

75 2765 170 2832 qui
222 2762 364 2813 bona
419 2781 600 2813 eorum
656 2762 994 2812 invaserunt.
1081 2758 1236 2819 Quod
1298 2777 1414 2809 cum
1466 2756 1744 2824 praedicto
1799 2754 1915 2805 viro

75 2833 348 2901 cognitum
389 2832 623 2900 fuisset,
693 2849 843 2900 quem
897 2830 1128 2882 eiusdem
1193 2829 1497 2879 invasionis
1554 2833 1817 2876 auctorem
1873 2831 1918 2872 et

70 2903 399 2970 participem
436 2920 544 2953 esse
581 2902 867 2954 certissime
906 2906 1135 2963 constat,
1179 2917 1273 2949 nec
1312 2899 1427 2965 ipse
1458 2902 1682 2963 propter
1717 2894 1812 2944 1706
1851 2892 1915 2943 ab

74 2972 360 3024 invasione
385 2973 628 3037 cessavit,
665 2989 759 3023 nec
795 2989 880 3022 eos
907 2970 1003 3039 qui
1039 2987 1155 3020 una
1194 2987 1307 3019 eum
1333 2968 1450 3034 ipso
1477 2963 1919 3016 eoecommunicati

75 3049 219 3106 sunt,
259 3060 293 3092 a
330 3060 434 3092 sua
471 3043 837 3093 communione
872 3039 952 3091 vel
990 3039 1058 3090 acl
1096 3039 1283 3089 horam
1320 3034 1535 3103 repulit.
1591 3033 1916 3084 Audivimus

77 3118 269 3176 autem,
298 3112 441 3180 quod
465 3113 554 3162 sui
578 3110 884 3180 defensores
911 3111 995 3160 liis
1021 3107 1371 3176 querimoniis
1397 3104 1526 3156 tales
1552 3102 1920 3154 eoecusationes

76 3181 390 3246 obtendant,
446 3182 586 3251 quod
641 3182 758 3249 ipse
818 3180 880 3230 de
930 3179 1082 3230 bonis
1135 3176 1475 3228 ecclesiarum
1530 3173 1666 3224 nulli
1712 3169 1923 3239 aliquid

66 3252 399 3319 praestiterit
441 3270 608 3321 neque
647 3251 710 3303 de
746 3268 916 3301 man-u
953 3249 1068 3301 eius
1108 3245 1395 3314 acceperit,
1441 3242 1519 3294 vel
1567 3241 1767 3310 aliquis
1800 3241 1920 3306 ipso

76 3353 115 3396 a)
145 3354 261 3387 Cuius
289 3355 323 3388 2.

81 3433 129 3487 1)
161 3435 206 3476 d.
244 3436 315 3476 12.
350 3434 462 3476 Nov.
494 3448 540 3475 a.
579 3435 709 3473 1077.
834 3431 881 3486 2)
917 3431 1036 3472 Anni
1071 3429 1201 3470 1078.

1466 3494 1542 3546 (με
