2204 3765
549 99 748 140 BRUNO
781 102 861 140 DE
894 103 1088 145 BELLO
1123 106 1427 150 SAXONICO.
1851 122 1902 160 79

65 235 347 304 manifeste
400 236 762 288 inobedientes
817 248 966 304 sunt,
1026 250 1071 292 et
1131 263 1239 294 una
1287 266 1400 296 cum
1452 266 1546 298 suo
1594 254 1766 316 capite
1807 276 2026 320 per-1027.

65 305 300 375 leyatum
350 305 700 373 apostolicum
750 307 815 358 ab
863 309 1081 361 ecclesia
1127 322 1318 364 sancta
1358 319 1599 382 separati
1635 330 1783 383 sunt,
1835 327 1906 373 ιιι]

65 375 206 426 hanc
257 374 427 425 sedem
464 376 757 439 venientes,
808 377 1031 446 beniqne
1067 383 1465 448 suscipiuutm,
1516 394 1560 434 et
1601 406 1703 438 non
1743 391 1901 441 solum

63 445 312 511 inpuniti
346 445 593 508 redeunt,
639 444 733 495 sed
767 445 994 512 insuper
1028 448 1206 516 9loria
1253 459 1299 500 et
1337 453 1530 504 bonore
1568 468 1907 523 coronantur,

63 521 111 563 et
137 514 210 564 ad
230 515 471 580 priorem
489 514 905 565 inobedientiam
932 517 1315 582 *superbiendo
1342 530 1666 588 rcwrtentes,
1703 536 1909 579 nostrae
1929 542 1994 582 ἰν.
2024 548 2106 577 ιιῑε.

65 584 315 634 miseriae
340 582 622 634 insultant.
682 583 855 634 Nobis
883 593 1052 635 autem
1085 590 1243 654 quasi
1268 590 1515 640 ridiculis
1544 594 1616 642 acl
1656 596 1908 662 insipieu-

65 653 199 703 tiam
235 660 547 719 reputatur,
588 653 729 722 quod
768 653 832 703 ab
870 652 1087 705 illorum
1125 660 1386 709 consortio
1427 660 1773 727 abstinemus,
1819 669 1909 733 qui

67 722 132 773 ab
169 722 288 790 ipso
328 722 504 789 capite
542 729 724 773 nostro
762 729 871 772 tam
910 725 1190 775 caritative
1232 727 1286 776 in
1327 733 1733 782 communionem
1783 737 1906 784 reci-

55 793 312 860 piuntur.
373 790 594 842 Accedit
631 798 678 842 et
702 792 798 842 lzoc
827 792 901 842 ad
932 793 1198 845 cumulum
1225 799 1395 846 nostri
1423 799 1728 865 infortunii,
1768 807 1907 871 quml

59 869 281 930 praeter
317 860 415 911 illa
443 879 580 930 quae
606 880 704 912 nos
729 861 844 929 ipsi
867 861 1243 930 delinquimus,
1283 867 1383 915 etia
1395 887 1435 916 m
1466 856 1902 922 ”adversariorum

65 930 231 999 culpa
259 932 317 981 in
344 931 497 982 nobis
525 932 760 996 cuditur,
800 930 924 981 dum
952 940 1165 983 nostrae
1202 935 1553 1003 neqliqcntiac
1582 941 1905 1005 uttrilmitur,

65 1001 208 1068 quod
243 1001 462 1051 idoneos
498 1008 545 1051 et
565 999 883 1069 frequentes
920 1000 1124 1067 leqatos
1163 1003 1263 1053 leuc
1306 1024 1403 1054 non
1450 1010 1711 1063 mittimus,
1767 1011 1907 1061 Luce

65 1070 206 1122 enim
256 1069 462 1121 clarius
507 1077 686 1137 patet,
738 1070 881 1138 quod
934 1070 1013 1121 illi
1051 1072 1145 1122 hoc
1181 1071 1313 1137 fieri
1349 1076 1666 1141 prohibent,
1716 1082 1807 1146 qui
1847 1100 1906 1129 ne

54 1140 430 1208 prohiberent,
470 1139 831 1190 iureiurando
870 1140 1016 1191 vobis
1057 1144 1441 1208 promiserunt.
1529 1147 1594 1194 Et
1659 1167 1797 1198 nunc
1846 1150 1906 1200 de

62 1208 298 1260 violenta
335 1211 484 1260 sacri
519 1210 736 1260 itineris
774 1209 1151 1261 interclusione
1194 1219 1240 1262 et
1277 1213 1339 1262 de
1379 1216 1656 1281 manifesto
1697 1216 1904 1269 illorum

54 1280 306 1348 periurio
365 1278 578 1344 siletur,
635 1286 681 1328 et
734 1279 887 1330 nobis
945 1281 1271 1348 imputatur,
1328 1283 1468 1350 quod
1530 1287 1745 1336 nuntios
1802 1307 1906 1338 nnn

62 1350 334 1401 mittimus.
409 1348 651 1413 Scimus,
696 1351 973 1400 carissime
1010 1351 1250 1414 domine,
1299 1360 1344 1401 et
1381 1370 1445 1402 eac
1483 1356 1906 1408 consideratione

53 1420 282 1487 pietatis
307 1426 510 1470 vestrae
547 1437 845 1486 speramus,
885 1420 1016 1486 quia
1055 1420 1183 1470 liaec
1223 1423 1403 1471 omnia
1442 1422 1581 1472 bona
1622 1425 1904 1477 intentione

63 1496 109 1540 et
147 1489 337 1557 aliqua
374 1489 558 1540 subtili
595 1488 972 1540 deliberatione
1011 1490 1205 1558 aqitis,·
1254 1490 1346 1540 sed
1394 1510 1486 1541 nos
1535 1493 1768 1545 homines
1816 1497 1904 1545 im-

53 1560 226 1627 periti
261 1558 516 1610 occultam
552 1558 704 1610 illam
741 1559 1197 1626 dispensationem
1228 1567 1515 1628 penetrare
1564 1571 1701 1613 nona
1752 1565 1900 1630 sztffl-

61 1629 270 1694 cientes,
294 1629 437 1697 quod
455 1627 737 1697 manifeste
757 1628 994 1679 vidimus
1015 1637 1061 1679 et
1082 1629 1321 1680 audivim
1332 1649 1407 1693 us,
1430 1631 1490 1681 de
1513 1631 1607 1682 illu
1634 1621 1903 1702 utriusque

50 1701 241 1768 partis
285 1697 678 1766 confortatione
727 1705 774 1747 et
816 1715 996 1750 rerum
1041 1699 1343 1750 certarumb
1394 1702 1593 1751 incerta
1645 1702 1902 1754 dilatione

62 1775 235 1820 ortum
285 1787 395 1820 esse
444 1776 491 1819 et
527 1768 738 1820 cottidie
783 1769 946 1833 oriri,
996 1769 1142 1820 vobis
1180 1770 1527 1837 eoeponimus:
1577 1772 1703 1822 haec
1752 1781 1902 1822 sunte

61 1837 198 1890 bella
221 1840 479 1891 intestina
505 1846 552 1888 et
567 1837 700 1906 plus
727 1857 887 1906 quam
913 1839 1115 1903 civilia,
1145 1839 1438 1890 homicidia
1468 1841 1900 1906 innumerabilia,

59 1909 410 1973 vastationes,
473 1908 730 1960 incendia
791 1909 906 1960 sine
965 1907 1273 1977 differentia
1318 1909 1504 1959 domus
1551 1917 1596 1958 et
1642 1911 1900 1975 ecclesiae,

60 1979 434 2047 oppressiones
474 1997 791 2047 pauperum
836 1978 1312 2046 incomparabiles,
1367 1997 1547 2029 rerum
1594 1979 1901 2031 ecclesiasti-

59 2067 247 2107 carum
273 2048 603 2117 direptiones
631 2047 814 2118 quales
850 2068 1146 2118 numquam
1183 2049 1493 2099 audivimus
1533 2057 1626 2099 aut
1657 2050 1899 2114 vidimus,

57 2117 232 2188 leyzcm
269 2137 475 2187 quoque
513 2118 831 2171 divinarum
869 2126 915 2169 et
957 2118 1320 2169 saecularium
1365 2117 1596 2185 defectus
1649 2121 1761 2170 sine
1809 2138 1900 2188 spe

55 2190 428 2257 reparationis
437 2207 456 2254 ,·
475 2197 742 2256 postremo
764 2189 824 2238 in
845 2189 1190 2240 dimicatione
1211 2189 1439 2239 duorum
1458 2207 1657 2257 reyum,
1679 2208 1898 2257 quorum

57 2266 276 2327 uterque
327 2258 403 2309 ad
453 2259 715 2310 obtentum
764 2260 924 2328 reqni
973 2277 1119 2326 spem
1169 2277 1202 2307 a
1250 2257 1394 2308 vobis
1445 2257 1693 2324 accipitd,
1746 2266 1898 2309 tanta

47 2329 372 2398 profliqatio
409 2329 705 2398 o'eyaliicni,
756 2336 815 2378 ut
841 2329 1073 2397 posthac
1123 2346 1271 2395 reples
1314 2334 1623 2378 nostrarum
1702 2331 1898 2380 artium

56 2399 279 2467 rapinis
309 2399 495 2466 potius
537 2418 695 2467 quam
743 2398 1022 2467 reyalibus
1060 2397 1402 2449 sustentandi
1437 2399 1558 2448 sint.
1634 2348 1778 2448 Igljaec
1818 2399 1896 2448 in-

59 2468 335 2521 commoda
387 2476 483 2519 aut
527 2468 678 2520 nulla
726 2470 839 2520 iam
887 2475 1058 2520 essent
1111 2474 1205 2518 aut
1251 2468 1463 2518 minora
1513 2468 1697 2531 multo,
1747 2468 1794 2517 si
1841 2468 1897 2516 in

58 2540 269 2607 incepto
308 2539 500 2590 'itinere
526 2558 690 2608 neque
717 2539 791 2590 ad
816 2539 1090 2590 deoeteram
1116 2555 1210 2588 nec
1240 2537 1313 2587 ad
1337 2538 1613 2587 sinistram
1641 2538 1898 2587 sententia

56 2616 234 2661 vestra
260 2609 574 2660 divertisset.
630 2608 882 2660 Arduum
906 2610 1007 2659 iter
1021 2614 1250 2676 propter
1275 2606 1436 2656 zelum
1464 2606 1649 2657 domus
1675 2605 1898 2656 Domini

59 2687 380 2749 aqyressuse
428 2679 580 2744 estis,
627 2680 687 2729 in
726 2697 827 2746 quo
862 2677 1132 2748 proqredi
1178 2676 1503 2727 laboriosum
1539 2683 1635 2739 est,
1684 2674 1898 2743 reqredi

60 2756 237 2800 autem
272 2748 630 2800 inhonestum.
702 2747 900 2813 Nolite,
938 2747 1269 2798 sanctissime
1300 2753 1475 2813 pater,
1514 2744 1672 2796 nolite
1713 2746 1767 2795 in
1805 2745 1896 2794 via

59 2816 295 2884 deficere,
333 2825 380 2869 et
404 2837 470 2870 ne
504 2816 730 2869 ulterius
756 2817 1052 2887 differendo
1091 2823 1136 2868 et
1172 2817 1435 2882 utrimque
1474 2814 1706 2865 cavendo
1744 2820 1895 2863 tanta

56 2887 206 2939 mala
253 2907 482 2940 crescere
533 2895 580 2939 et
622 2888 981 2957 multiplicari
1028 2887 1239 2937 sinatfs.
1313 2883 1377 2935 Si
1423 2903 1587 2953 qrave
1636 2883 1779 2934 vobis
1822 2889 1895 2932 est

49 2977 159 3027 pro
184 2957 297 3009 illis
322 2959 484 3010 verba
493 2957 689 3026 facere
711 2959 805 3027 qui
822 2977 927 3026 pro
948 2956 1095 3009 vobis
1114 2956 1277 3006 vitam
1295 2955 1354 3004 in
1376 2972 1571 3022 maqno
1593 2953 1896 3004 discrimine

50 3036 383 3096 posuerunt,
432 3026 680 3080 ecclesiae
728 3035 905 3079 tamen
943 3027 1131 3078 vestris
1167 3024 1488 3092 temporibus
1524 3021 1896 3073 miserabiliter

56 3099 355 3150 destructae
400 3106 446 3149 et
493 3098 750 3149 inaudita
797 3098 1143 3167 oppressione
1197 3095 1257 3144 in
1307 3094 1606 3143 servitutem
1650 3091 1895 3142 redactae

55 3169 366 3219 succurrite.
434 3167 602 3221 Cuius
628 3168 832 3235 apertis
871 3163 1285 3217 destructoribus
1322 3165 1371 3214 si
1398 3169 1588 3231 aperta
1607 3160 1798 3229 fronte
1834 3160 1893 3209 in

39 3237 251 3306 faciem
307 3238 552 3290 resistere
609 3243 841 3306 propter
892 3235 1161 3287 instantia
1204 3232 1456 3301 pericula
1521 3237 1731 3281 cautum
1786 3246 1892 3279 non

54 3378 92 3422 a)
127 3379 218 3413 deest
255 3383 290 3413 1·
397 3380 437 3423 b)
475 3381 528 3413 ita
568 3381 610 3421 2,·
647 3383 859 3412 ceterarum
894 3380 927 3411 1.
1039 3375 1072 3418 e)
1110 3377 1181 3408 hoc
1216 3378 1271 3407 est
1307 3375 1340 3406 2.
1451 3374 1488 3413 d)
1517 3374 1567 3403 ita
1602 3373 1643 3411 2;
1677 3370 1822 3409 accepit
1860 3370 1892 3400 1.

54 3427 91 3471 e)
118 3432 290 3469 aggressi
319 3432 352 3463 2.
