2204 3765
88 237 194 269 1081.

220 85 278 124 56
693 81 893 122 BRUNO
926 80 1009 119 DE
1042 77 1241 118 BELLO
1278 76 1592 118 SAXONICO.

225 223 438 292 adeptis
499 220 634 272 male
689 238 794 288 per
855 236 972 268 eum
1029 215 1321 267 honoribus
1381 213 1625 281 diligunt
1683 221 2074 284 metuuntquea,

222 293 593 356 consentiunt,·
643 290 740 357 qui
776 287 1067 338 simoniace
1104 283 1358 353 quoslibet
1396 282 1724 348 ordinando,
1761 284 1936 334 Deum
1963 301 2073 351 pro

224 361 322 414 vili
371 362 531 412 etiam
570 360 748 426 pretio
804 355 1057 406 vend-unt.
1141 353 1287 404 Nam
1336 354 1473 403 sicut
1521 351 1668 402 electi
1716 352 2077 403 insolubiliter

223 449 320 482 suo
361 430 532 497 capiti
574 429 856 489 uniuntur,
909 426 985 474 ita
1032 431 1078 474 et
1122 422 1340 490 reprobi
1376 421 1609 472 maoeime
1660 429 1850 472 contra
1897 421 2076 486 bonOS,

223 502 274 551 ei
312 501 406 568 qui
444 496 686 548 malitiae
723 502 888 562 caput
914 501 1002 558 est,
1038 493 1394 560 pertinaciter
1414 489 1798 557 foederantur.
1876 489 2078 542 Contra

225 587 359 637 quos
390 565 634 635 profecto
673 583 782 616 non
810 572 919 614 tam
947 561 1334 625 disserendum,
1375 578 1534 629 quam
1557 578 1661 626 pro
1689 562 1764 612 eis
1803 567 1878 610 est
1913 559 2077 612 lacri-

227 639 388 689 mosis
438 635 751 704 planctibus
811 631 1210 702 inqemendum,
1268 637 1325 680 ut
1382 630 1715 697 omnipotens
1762 629 1912 680 Deus
1956 626 2081 680 illos

229 727 263 758 a·
319 706 529 774 laqueis
585 703 868 767 sathanae,
927 700 1120 770 quibus
1176 700 1381 768 captivi
1428 705 1691 764 tenent-ur,
1753 699 1971 767 eripiat,
2034 705 2082 750 et

227 775 445 826 tandem
486 773 788 841 aliquando
827 770 907 823 vel
936 777 1063 838 post
1091 768 1347 837 pericula
1380 768 1453 818 ad
1480 769 1813 836 aqnitionem
1838 769 2083 819 veritatis

218 845 508 913 perducat.
572 843 720 892 Haec
748 841 810 892 de
849 839 1065 908 reqibus
1104 846 1149 888 et
1181 837 1616 906 imperat07·ibu.8,
1655 838 1750 904 qui
1775 835 2082 889 „saeculari”

225 914 404 984 9loria
442 913 671 962 nimium
708 910 919 975 tumidi,
958 927 1068 959 non
1095 908 1209 959 Deo
1227 907 1330 958 *sed
1366 907 1470 959 sibi
1494 915 1743 976 reqnant.
1815 905 1926 958 Sed
1951 907 2084 975 quia

228 984 400 1035 nostri
439 989 514 1032 est
561 980 747 1049 officii,
804 981 1097 1047 unicuique
1143 977 1433 1028 secundum
1484 976 1728 1028 ordinem
1772 973 1853 1028 vel
1899 977 2080 1046 diqni-

228 1061 404 1117 tatem,
455 1070 565 1120 qua
617 1050 828 1101 videtur
877 1049 1071 1117 viqere,
1120 1047 1540 1098 eoehortationem
1589 1046 1939 1097 distribuere:
1987 1047 2085 1098 im-

221 1122 572 1191 peratoribus
611 1127 656 1170 et
697 1118 941 1188 7·e9ibus⁰
988 1118 1275 1185 ceterisque
1313 1116 1684 1184 principibus,
1731 1123 1789 1166 ut
1825 1114 2085 1167 elationes

232 1194 399 1243 maris
438 1199 484 1242 et
519 1189 801 1257 superbiae
824 1188 1030 1256 fluctus
1058 1187 1402 1253 comprimere
1441 1185 1671 1250 valeant,
1713 1204 1869 1236 arma
1908 1185 2083 1236 humi-

230 1261 403 1312 litatis
431 1261 546 1311 Deo
587 1267 800 1309 auctore
821 1257 1116 1325 providere
1155 1274 1429 1306 curamus.
1503 1254 1717 1306 Scimus
1755 1256 1912 1321 enim,
1952 1257 2087 1324 quia

233 1330 517 1381 mundana
564 1328 747 1398 gloria
805 1335 852 1378 et
900 1325 1201 1376 saecularis
1261 1343 1395 1376 cura
1444 1343 1528 1375 eos
1565 1326 1934 1392 permaxime,
1992 1325 2088 1393 qui

226 1406 510 1468 praesunt,
560 1398 633 1449 ad
671 1397 950 1447 elationem
988 1395 1198 1445 trahere
1237 1394 1390 1457 solet;
1444 1413 1553 1462 qua
1593 1411 1798 1461 semper
1845 1393 2086 1464 neglecta

232 1468 549 1532 humilitate,
579 1470 875 1536 propriam
913 1464 1222 1532 quaerendo
1261 1464 1511 1532 ¹qloriam,
1536 1463 1820 1531 fratribus
1859 1465 2091 1532 cupiant

222 1539 586 1607 praeminere.
659 1534 935 1587 Proinde<¹
973 1535 1187 1585 videtur
1234 1531 1362 1584 utile
1399 1534 1632 1584 maxime
1670 1533 2089 1601 imperatoribus

231 1617 277 1660 et
316 1608 549 1678 reqibus,
598 1614 656 1656 ut
695 1625 813 1657 cum
850 1622 996 1655 mens
1037 1602 1247 1655 illorum
1289 1603 1362 1653 ad
1401 1602 1515 1653 alta
1563 1621 1614 1654 se
1662 1604 1866 1671 eriqere
1904 1611 1951 1655 et
1978 1621 2088 1672 pro

230 1678 512 1747 singulari
565 1676 746 1745 gloria
798 1673 907 1725 vult
963 1672 1237 1737 oblectare,
1293 1674 1539 1724 inveniat
1589 1672 1780 1742 quibus
1824 1691 1877 1724 se
1913 1673 2089 1724 modis

231 1747 495 1812 humiliet,
560 1755 715 1813 atque
782 1743 920 1795 unde
982 1743 1279 1812 gaudebat,
1341 1744 1539 1792 sentiat
1582 1741 1716 1811 plus
1777 1743 2089 1794 timendum.

229 1818 577 1885 Perspiciant
637 1833 763 1884 erqo
826 1814 1145 1881 diliqenter,
1221 1832 1384 1881 quam
1439 1812 1791 1879 periculosa,
1866 1830 2091 1881 quamve

231 1887 473 1939 timenda
512 1888 580 1937 sit
621 1885 972 1953 imperatoria
1009 1882 1088 1934 vel
1128 1884 1281 1950 reqia
1321 1883 1584 1950 diqnitas,
1623 1883 1683 1932 in
1723 1901 1832 1950 qua
1860 1883 2088 1950 paucis-

232 1958 356 2008 simi
393 1956 698 2020 salvantur,
737 1962 782 2005 et
820 1952 902 2004 illi
928 1954 1022 2020 qui
1041 1952 1156 2003 Deo
1185 1953 1475 2003 miserante
1503 1952 1577 2002 ad
1602 1951 1825 2003 salutem
1850 1953 2092 2018 veniunt,

233 2045 343 2078 non
384 2044 549 2094 aeque
599 2033 654 2075 ut
690 2023 846 2075 multi
887 2040 1216 2090 pauperum,
1263 2021 1471 2072 iudicio
1521 2023 1699 2072 sancti
1735 2021 1983 2089 Spiritus
2029 2023 2092 2073 in

233 2103 424 2147 sancta
464 2093 687 2147 ecclesia
724 2093 1122 2163 glorificantur.
1197 2091 1247 2141 A
1279 2091 1472 2143 mundi
1508 2092 1649 2142 enim
1678 2091 1963 2159 principio
2002 2109 2090 2143 us-

233 2184 333 2233 que
373 2166 446 2216 ad
497 2166 626 2216 haec
678 2171 866 2215 nostra
912 2170 1154 2229 tempora
1208 2162 1264 2211 in
1308 2168 1418 2213 tota
1458 2162 1768 2212 authentica
1813 2162 2094 2230 scriptura

233 2254 342 2286 non
390 2236 692 2285 invenimus
739 2240 933 2302 septem
985 2233 1334 2298 imperatores
1373 2230 1452 2282 vel
1495 2249 1657 2296 reqes,
1712 2249 1939 2300 quorum
1975 2232 2092 2282 vita

228 2304 401 2369 fuerit
441 2305 575 2355 adeo
617 2305 926 2371 praecipua
981 2300 1240 2368 religione
1286 2308 1332 2350 et
1380 2303 1573 2351 virtute
1621 2301 1903 2369 siqnorum
1941 2301 2093 2352 deco-

237 2383 377 2439 rata,
417 2376 556 2425 sicut
592 2371 952 2424 universalise
992 2370 1360 2421 multitudinis
1400 2370 1605 2422 saeculi
1641 2377 2093 2438 contemptorum,·

232 2443 351 2496 licet
406 2462 589 2495 eorum
642 2442 833 2511 plures
897 2441 1179 2493 credamus
1243 2440 1396 2507 apud
1458 2442 1864 2508 omnipotentem
1917 2440 2094 2492 Deum

236 2513 640 2566 misericordiae
695 2512 919 2563 salutem
966 2511 1247 2561 invenisse.
1321 2510 1572 2578 Namque
1619 2517 1678 2560 ut
1723 2511 1786 2561 de
1836 2510 2097 2578 apostolis

236 2591 281 2634 et
342 2582 677 2653 martyribus
751 2589 1058 2644 taceamus,
1139 2581 1260 2648 quis
1321 2581 1708 2648 imperatorum
1767 2578 1847 2631 vel
1906 2599 2095 2649 ‘regum

235 2672 401 2722 aeque
452 2661 505 2704 ut
555 2652 739 2703 beatus
782 2651 1080 2714 bIartinus,
1130 2649 1407 2701 Antonius
1456 2658 1502 2701 et
1548 2649 1876 2700 Benedictus
1922 2651 2092 2701 mira-

236 2725 372 2774 culis
411 2721 648 2774 claruit?
723 2719 882 2780 Quisf
920 2721 1217 2788 imperator
1257 2727 1353 2770 aut
1388 2738 1486 2771 reoe
1522 2727 1760 2771 mortuos
1798 2721 2096 2786 suscitavit,

234 2792 473 2861 leprosos
511 2792 814 2856 mundavit,
853 2807 1036 2841 caecos
1075 2788 1440 2840 illu-minavit?
1513 2790 1651 2840 Ecce
1681 2787 2098 2841 Constantinum

234 2864 363 2930 piae
401 2864 685 2913 memoriae
726 2862 1116 2928 imperatorem,
1159 2859 1513 2910 Theodosium
1551 2867 1597 2910 et
1623 2859 1949 2924 Honorium,
1991 2858 2095 2912 Ca·

237 2930 409 2982 rolum
431 2939 476 2980 et
497 2931 859 2993 Ludozcicum,
884 2930 1124 2979 iustitiae
1146 2936 1426 2994 amatores,
1455 2929 1790 2979 christianae
1810 2927 2099 2997 reliqioni's

227 3008 650 3070 propaqcttoreS,
684 2999 1028 3051 ecclesiarum
1055 2998 1378 3065 defensores,
1418 3006 1609 3049 sancta
1635 2999 1848 3066 quidem
1873 2997 2096 3050 ecclesia

237 3070 433 3120 laudat
471 3077 553 3121 etg
591 3077 898 3133 veneratur,
952 3085 1063 3118 non
1101 3074 1278 3118 tamen
1317 3065 1438 3119 eos¹¹
1463 3067 1694 3136 fulsisse
1732 3075 1890 3120 tanta
1925 3069 2093 3119 mira-

238 3139 482 3191 culorum
519 3139 702 3208 qloria
742 3139 966 3190 iudicat.
1040 3135 1328 3188 Praeterea
1371 3138 1444 3188 ad
1481 3145 1606 3207 quot
1642 3139 1869 3189 nomina
1903 3155 2094 3207 reyum

239 3208 319 3259 vel
376 3210 765 3278 imperatorum
821 3206 1080 3258 basilicas
1137 3224 1231 3257 seu
1295 3207 1501 3258 altaria
1558 3207 1821 3274 dedicari,
1883 3206 1963 3258 vel
2020 3206 2099 3258 ad

237 3350 275 3392 a)
304 3354 478 3382 metuunt
507 3352 537 3382 1.
570 3352 601 3381 2.
737 3349 775 3390 b)
807 3350 895 3390 quia
922 3350 1109 3388 singulari
1138 3352 1170 3381 1.
1309 3349 1342 3390 c)
1371 3349 1611 3390 principibus
1637 3351 1670 3382 1.
1812 3348 1850 3390 d)
1877 3349 2030 3382 Deinde
2059 3350 2093 3381 1.

237 3409 275 3441 e)
304 3400 600 3432 innumerabilis
627 3399 710 3439 Req.
741 3400 814 3430 rell.
918 3398 946 3439 f)
975 3399 1077 3430 enim
1105 3399 1185 3432 add.
1213 3399 1296 3438 [τερ.
1399 3398 1437 3440 g)
1466 3400 1581 3430 etiam
1610 3400 1643 3432 1.
1744 3398 1784 3439 h)
1814 3407 1899 3431 eum
1928 3400 1958 3430 l.
