2204 3765
110 212 217 244 1074.

69 276 152 310 Feb.
183 278 215 308 1.

42 1804 109 1846 *1³·
138 1806 218 1838 340.

74 2229 156 2260 Feb.
190 2231 220 2263 2.

237 61 295 100 20
716 62 913 102 BRUNO
945 62 1025 100 DE
1059 61 1252 101 BELLO
1287 60 1593 102 SAXONIOO.

238 198 366 249 dum
403 207 585 267 parato
622 199 721 250 nisi
761 215 954 266 magna
989 198 1273 249 necessitas
1309 206 1535 265 cogeret,
1573 207 1917 268 congregato,
1954 197 2074 250 Kal.

235 268 490 320 Februar.
538 286 657 318 cum
713 268 1006 318 dominicae
1060 267 1437 318 incarnationis
1491 285 1657 318 annus
1708 269 1854 320 1074.
1908 285 2077 336 nuper

234 337 473 406 inceptus
510 345 775 405 ageretur,
817 336 1102 387 Saxoniam
1140 335 1344 403 ingredi
1381 336 1655 404 disposuit.
1729 337 1802 388 At
1838 337 2078 390 Saxones

234 407 465 458 adventu
516 406 881 474 praecognitO,
929 414 1124 456 terram
1176 423 1325 455 suam
1374 404 1637 456 defensuri
1686 423 1807 457 cum
1843 408 2077 457 maximo

235 478 474 527 exercitu
510 475 651 543 apud
701 474 954 543 oppidum
1005 473 1146 544 quod
1190 474 1485 525 Nachan³·¹
1528 473 1846 543 appellatur,
1898 493 2078 526 occur-

233 554 381 608 runt,
437 553 486 595 et
534 562 566 593 a
614 562 739 612 rege
783 562 889 594 non
934 543 1171 612 longius,
1229 562 1387 613 quam
1441 552 1499 594 ut
1544 553 1764 612 uterque
1817 546 2079 596 exercitus

234 614 457 665 alterum
495 613 672 664 videre
711 614 979 681 potuisset,
1020 621 1189 664 castra
1226 613 1563 664 constituunt.
1630 613 1831 664 Tamen
1855 613 2081 665 invicem

234 684 379 733 missi
436 682 791 750 speculatores
855 684 1116 734 exercitus
1180 684 1451 751 utriusque
1505 683 1752 734 virtutem
1805 681 2084 751 diligenter

234 751 524 821 explorant.
564 760 616 802 et
641 752 848 821 utrique
877 752 982 802 suis
1011 751 1152 820 quod
1177 752 1417 803 viderant
1442 752 1729 803 certissime
1766 752 2083 804 renuntiant.

233 821 365 872 Erat
413 828 586 871 autem
626 820 898 872 Saxonum
935 832 1042 872 tam
1081 840 1302 889 magnus
1342 823 1626 884 exercitus,
1677 829 1735 872 ut
1780 820 1938 890 duplo
1977 839 2086 872 cre-

235 891 446 942 deretur
494 908 608 941 esse
658 891 826 940 maior
872 908 1029 959 quam
1075 892 1214 958 regis
1253 891 1532 942 exercitus.
1606 891 1750 960 Ergo
1802 891 1894 959 qui
1938 898 2086 942 erant

235 980 303 1012 ex
350 968 496 1028 parte
547 960 714 1027 regis,
766 959 947 1010 audita
1000 962 1272 1011 Saxonum
1323 959 1655 1011 multitudine
1708 959 1863 1011 simul
1913 968 1965 1012 et
2006 979 2085 1011 ar-

233 1047 442 1080 morum
478 1029 821 1080 instructione
847 1062 916 1066 —
940 1046 1064 1079 nam
1101 1048 1198 1080 rex
1237 1031 1344 1080 suis
1382 1030 1604 1094 dixerat,
1644 1028 1758 1081 illos
1784 1047 1881 1081 nec
1921 1047 2084 1099 equos

234 1099 427 1150 habere
466 1116 563 1149 nec
600 1117 753 1149 usum
792 1097 1022 1164 militiae,
1063 1099 1154 1150 sed
1191 1101 1485 1151 rusticanos
1511 1099 1749 1151 homines
1776 1098 2086 1151 bellicarum

234 1188 408 1220 rerum
455 1169 728 1237 imperitos
769 1200 829 1206 —
872 1185 990 1218 cum
1039 1169 1185 1237 prius
1234 1169 1303 1220 ad
1348 1168 1713 1237 praeliandum
1749 1168 1972 1219 fuissent
2006 1169 2085 1218 in-

236 1239 364 1289 certi
403 1238 528 1306 quia
564 1237 777 1305 dignam
815 1255 922 1288 non
958 1238 1209 1289 videbant
1246 1256 1459 1288 causam
1505 1238 1798 1307 pugnandi,
1843 1255 1983 1288 nunc
2019 1236 2088 1289 ad

235 1326 342 1358 non
380 1307 723 1376 pugnandum
758 1307 882 1356 facti
921 1316 1041 1357 sunt
1079 1309 1207 1357 certi
1245 1308 1369 1376 quia
1408 1326 1529 1357 cum
1563 1325 1723 1358 causa
1760 1308 1978 1358 deerant
2012 1309 2088 1358 eis

237 1377 436 1445 copiae,
478 1376 669 1445 quibus
696 1384 870 1426 tantae
897 1375 1219 1427 multitudini
1245 1384 1357 1427 tuto
1384 1386 1600 1445 possent
1626 1377 1856 1428 obviare.
1911 1376 2089 1428 Missis

235 1448 412 1515 itaque
450 1463 570 1510 rex,
609 1454 666 1496 ut
702 1446 969 1513 principes
1009 1447 1089 1495 sui
1123 1445 1399 1511 iubebant,
1436 1445 1504 1496 ad
1544 1446 1782 1497 Saxones
1820 1445 2089 1514 legationi-

235 1515 336 1566 bus
387 1516 651 1584 promisit,
714 1533 769 1565 se
819 1514 1081 1565 facturum
1140 1516 1316 1566 omnia
1367 1533 1501 1584 quae
1547 1513 1742 1567 vellent
1789 1516 1892 1584 ipsi
1940 1533 2090 1584 prae-

238 1585 493 1648 scribere,
548 1584 835 1635 dummodo
892 1593 1168 1652 paternam
1224 1585 1556 1653 dignitatem,
1621 1603 1781 1654 quam
1834 1586 2090 1654 pueritiae

238 1672 362 1708 suae
400 1653 763 1723 malorumque
802 1653 1217 1705 consiliariorum
1257 1653 1413 1724 culpa
1449 1673 1503 1706 se
1541 1655 1802 1707 fatebatur
1834 1655 2091 1720 amisisse,

237 1723 435 1775 noUent
470 1723 571 1775 sibi
608 1723 883 1791 denegare.
949 1723 1099 1774 Tunc
1128 1723 1252 1776 Otto
1280 1723 1390 1775 dux
1418 1733 1468 1776 et
1493 1726 1653 1776 ceteri
1681 1724 1872 1794 quibus
1898 1742 2094 1794 magna

237 1794 444 1846 fuerant
480 1794 756 1862 promissa,
795 1794 1116 1862 persuadent
1153 1793 1283 1860 aliis,
1325 1802 1583 1863 quatenus
1634 1795 1759 1845 hac*
1811 1813 1932 1846 eum
1970 1811 2090 1844 con-

240 1863 437 1915 ditione
482 1864 801 1932 reciperent:
867 1861 1096 1914 Castella
1142 1882 1237 1914 sua
1291 1863 1581 1916 destrueret
1632 1882 1730 1915 nec
1777 1862 1995 1915 ulterius
2032 1881 2095 1916 ea

239 1942 579 1999 restauraret,
621 1931 1053 2002 depraedationes
1091 1932 1316 2001 amplius
1354 1934 1409 1983 in
1446 1952 1540 1984 sua
1576 1941 1715 1985 terra
1738 1932 1907 1984 nullas
1945 1951 2092 1985 exer-

241 2012 406 2069 ceret3
470 2003 525 2052 in
590 2002 824 2054 Saxonia
887 2002 1161 2054 Saxonum
1226 2001 1442 2054 consilio
1511 2010 1699 2054 cuncta
1762 2002 2094 2072 disponenda

240 2074 543 2141 disponeret
588 2071 896 2141 nullumque
946 2082 1229 2124 extraneae
1265 2074 1437 2140 gentis
1462 2072 1729 2124 hominem
1767 2073 1899 2123 suisb
1934 2071 2094 2132 rebus

240 2141 460 2211 agendis
512 2141 900 2193 consiliatorem
949 2142 1271 2208 admitteret,
1324 2152 1375 2194 et
1417 2142 1553 2193 hanc
1603 2143 1683 2193 sui
1728 2141 2094 2211 expulsionem

239 2229 531 2281 numquam
569 2213 624 2262 in
660 2210 835 2280 aliquo
875 2229 1057 2263 eorum
1103 2212 1409 2264 vindicaret.
1487 2211 1726 2281 Cumque
1774 2231 1871 2264 rex
1916 2212 2095 2264 omnia

239 2283 369 2334 haec
409 2290 459 2333 et
494 2280 574 2332 his
611 2282 812 2332 maiora
850 2299 905 2332 se
942 2280 1206 2332 facturum
1231 2281 1533 2333 fidelissime
1569 2283 1911 2350 promitteret,
1948 2299 2097 2333 exer-

242 2353 349 2403 citu
400 2369 494 2402 suo
543 2351 758 2402 dimisso
799 2368 916 2401 cum
956 2352 1139 2420 paucis
1177 2351 1246 2402 ad
1286 2352 1523 2403 Saxones
1569 2352 1837 2417 transivit,
1887 2358 1939 2402 et
1974 2368 2096 2402 cum

241 2421 486 2473 laudibus
542 2429 593 2472 et
645 2420 842 2489 gaudio
898 2420 1205 2489 triumphali
1261 2421 1516 2473 deductus
1569 2420 1868 2473 Goslariam
1922 2439 1985 2471 us
2025 2439 2092 2472 ue

241 2492 496 2560 pervenit.
576 2490 748 2541 Huius
803 2490 1029 2541 foederis
1079 2489 1378 2541 inconsulta
1428 2491 1738 2560 compositio
1790 2490 1990 2543 Saxoni
2029 2508 2091 2541 us

242 2561 595 2612 maximorum
641 2558 896 2610 malorum
946 2560 1045 2611 fuit
1083 2562 1246 2629 origo.
1321 2561 1459 2611 Nam
1499 2560 1820 2625 Suevorum,
1860 2561 1952 2628 qui
1987 2558 2094 2611 foe-

242 2631 382 2682 deris
420 2631 527 2680 iam
564 2629 769 2698 pridem
808 2647 927 2680 cum
968 2629 1267 2682 Saxonibus
1315 2630 1440 2681 facti
1476 2648 1582 2681 non
1617 2631 1932 2682 inmemores
1971 2646 2092 2680 cum

243 2719 367 2768 rege
414 2708 598 2750 contra
636 2698 873 2750 Saxones
921 2701 1097 2752 venire
1145 2699 1420 2752 noluerant
1435 2710 1469 2764 ⁰,
1508 2700 1610 2769 ipsi
1649 2699 1913 2762 Saxones,
1964 2698 2091 2750 dum

244 2768 428 2820 foedus
479 2787 598 2819 cum
643 2787 767 2837 rege
813 2769 1068 2835 facerent,
1125 2769 1337 2821 fuerunt
1391 2768 1560 2835 obliti3
1619 2778 1669 2821 et
1718 2768 1784 2820 ob
1835 2768 1936 2819 hoc
1989 2766 2091 2819 illis

248 2840 411 2890 Suevi
433 2837 559 2889 facti
596 2848 715 2889 sunt
751 2857 819 2889 ex
855 2839 1039 2889 amicis
1076 2838 1317 2891 fidelibus
1342 2838 1519 2891 hostes
1545 2838 1877 2891 atrocissimi.
1935 2836 2094 2903 Quod

246 2909 290 2958 si
337 2916 427 2959 aut
474 2906 603 2958 illud
649 2925 754 2958 non
800 2908 1066 2973 fecissent,
1117 2918 1207 2960 aut
1252 2909 1305 2959 in
1341 2908 1428 2959 illo
1466 2907 1705 2960 faciendo
1747 2907 1946 2960 Suevos
1991 2907 2094 2958 sibi

244 2979 618 3040 associassent,
668 2987 718 3027 et
767 2977 1018 3045 perfidiae
1056 2988 1179 3030 nota
1216 2986 1478 3043 carerent,
1525 2986 1576 3030 et
1613 2996 1721 3029 non
1757 2986 1865 3029 tam
1901 2975 2094 3028 multos

248 3046 423 3098 hostes
462 3047 794 3098 saevissimos
831 3046 1098 3098 haberent.

388 3116 469 3168 32.
543 3115 747 3167 Eodem
785 3124 960 3168 tamen
996 3125 1230 3186 tempore
1256 3118 1544 3168 maximam
1570 3117 1711 3168 eirca
1735 3135 1830 3168 nos
1870 3116 2092 3168 clemen-

248 3253 287 3293 a)
316 3254 474 3285 Har-han
503 3263 619 3293 prope
647 3255 810 3286 &Virram
841 3256 871 3286 2.
974 3255 1011 3295 b>
1042 3265 1172 3287 eorum
1202 3257 1233 3288 2.
1313 3255 1346 3297 c)
1375 3257 1578 3288 noluerunt
1606 3258 1638 3287 1.

252 3365 301 3418 1)
348 3366 477 3408 rach.
513 3366 560 3405 Ι).

2178 3516 2204 3765 mnan-..a
2177 3420 2204 3505 tm.
2172 3371 2204 3406 ll.
2192 3304 2194 3307 ·
