2204 3765
153 233 257 265 1076.

86 723 147 763 ἐρ.
177 723 259 755 352.

276 79 331 117 42
754 78 951 119 BRUNO
984 78 1065 117 DE
1097 77 1292 118 BELLO
1327 78 1634 119 SAXONIC‘O.

275 215 605 268 solummodo
645 216 856 283 scriptO,
894 213 970 265 illi
1006 214 1379 265 renuntiabant
1414 215 1606 265 etiama
1641 216 1951 267 iuramenta
2025 215 2127 266 Ro-

275 303 459 337 manos
500 286 655 336 etiam
696 301 854 352 quam
894 283 1147 352 plurimos
1185 283 1413 351 pecunia
1450 284 1706 352 corrupit,
1755 292 1807 336 et
1850 291 1909 335 ut
1944 283 2126 335 Hilde-

274 354 535 406 brandum
566 354 633 405 ab
659 352 981 421 apostolicae
1009 351 1148 403 sedis
1173 352 1372 403 honore
1403 352 1685 418 deicerent,
1723 352 1917 405 talibus
1942 351 2127 405 litteris

276 426 458 475 oravit.
530 422 641 491 Ipsi
698 439 909 490 quoque
959 420 1250 491 apostolico
1305 420 1489 489 plenas
1545 421 1874 473 contumeliis
1927 421 2127 473 litteras

276 494 494 557 direxit,
542 493 596 542 in
635 491 851 560 quibus,
895 499 954 542 ut
989 489 1337 560 apostolicum
1375 508 1566 542 nomen
1604 499 1656 542 et
1694 489 1872 542 sedem
1912 492 2014 542 cito
2051 508 2129 542 re-

274 562 559 630 linqueret,
616 561 893 611 minaciter
941 561 1227 629 praecepit.
1305 560 1423 611 Hoc
1469 568 1645 611 autem
1698 559 2004 630 exemplum
2049 568 2128 613 est

274 630 443 682 littera
451 640 586 679 rum¹
603 648 613 679 :

415 698 526 750 QG.
603 699 931 749 Heinricusb
982 698 1088 750 Dei
1148 700 1334 767 qratia
1388 716 1509 763 rex,
1567 700 1852 750 universae
1908 706 2127 751 sanctae

277 770 557 819 Romanae
612 767 861 818 ecclesiae
917 767 1053 818 clero
1104 775 1149 818 et
1186 766 1426 836 populo,
1481 771 1748 837 qratiam,
1805 767 2027 819 salutem
2082 775 2129 820 et

275 857 352 890 om
365 857 423 889 ne
451 838 658 888 bonum..
717 837 865 887 Haec
879 835 1022 901 fides
1036 836 1204 903 firma
1233 844 1278 887 et
1302 838 1660 888 inconcussac
1698 838 1952 903 creditur,
1992 856 2129 906 quae

274 925 480 976 semper
506 915 550 957 et
577 906 758 956 eadem
786 914 831 957 et
849 907 1133 973 praesenti
1157 914 1406 956 servatur
1432 914 1476 957 et
1498 908 1718 973 absenti,
1746 926 1838 958 nec
1861 907 2130 959 diuturna
2166 914 2167 917 ’

274 978 389 1029 eius
427 979 516 1028 cui
553 976 768 1026 debetur
807 975 1076 1041 absentia,
1116 995 1209 1026 nec
1247 975 1399 1045 Zonqi
1436 978 1686 1044 temporis
1722 977 1898 1029 taedio
1936 978 2128 1028 immu-

276 1053 438 1096 tatur.
520 1043 694 1104 Quam
744 1045 902 1096 talem
951 1064 1041 1097 vos
1091 1045 1242 1096 nobis
1292 1064 1507 1096 servare
1564 1047 1764 1097 scimus
1821 1054 1867 1097 et
1914 1046 2129 1115 qratia-s

278 1119 516 1185 aqimus,
565 1123 609 1166 et
649 1123 706 1164 ut
743 1115 920 1166 eadem
953 1122 1256 1184 perseveret
1286 1116 1549 1182 petimus,
1595 1115 1836 1167 videlicet
1871 1123 1953 1180 ut,
1993 1116 2131 1167 sicut

260 1184 478 1253 facitis,
520 1185 708 1235 amicis
746 1186 946 1236 nostris
975 1186 1151 1250 amici,
1192 1186 1430 1236 ‘inimicis
1463 1187 1664 1236 nostris
1689 1186 1903 1236 inimici
1927 1186 2130 1254 iugiter

277 1256 538 1306 eoeistatis.
613 1254 760 1304 Inter
798 1272 928 1321 quos
966 1254 1163 1306 scilicet
1202 1254 1638 1305 Hildebrandum
1682 1255 2003 1306 monachum
2040 1272 2130 1306 no-

276 1332 475 1387 tantes,
529 1342 619 1374 vos
668 1324 729 1374 in
780 1326 892 1374 eius
937 1324 1284 1374 inimicitiam
1334 1325 1654 1388 eoecitam'us,
1709 1326 1842 1391 quia
1892 1324 2035 1374 hunc
2085 1330 2132 1375 et

277 1393 527 1445 ecclesiae
565 1394 871 1443 invasorem
898 1400 944 1442 et
970 1411 1351 1459 oppressorem,
1391 1400 1437 1442 et
1462 1393 1744 1444 Romanae
1769 1394 1850 1444 rei
1877 1393 2132 1461 publicae
2203 1430 2204 1440 ,

276 1462 355 1514 vel
393 1465 551 1530 reqni
589 1463 761 1512 nostri
797 1462 1174 1513 insidiatorem
1212 1462 1711 1530 deprehendimusd,
1762 1470 1820 1513 ut
1854 1463 1915 1514 in
1954 1462 2129 1514 subse-

279 1533 459 1602 quenti
483 1531 710 1599 epistola
738 1531 842 1582 sibi
869 1551 902 1582 a
929 1532 1080 1583 nobis
1109 1532 1314 1582 directa
1336 1550 1657 1599 pernoscere
1683 1534 1740 1582 in
1763 1539 1982 1601 promtu
2008 1538 2130 1584 este.

418 1600 763 1652 ‘Heinricusf
788 1601 895 1652 Dei
927 1604 1114 1670 qratia
1139 1619 1235 1651 reoe
1263 1601 1657 1653 Hildebrando.
1719 1602 1850 1655 Cum
1875 1602 2132 1653 hactenus

278 1689 342 1721 eac
391 1679 436 1722 te
474 1690 537 1722 ea
576 1689 712 1738 quae
754 1672 939 1739 patris
976 1679 1101 1722 sunt
1137 1678 1497 1738 eoepectarem,
1545 1672 1746 1740 tibique
1789 1673 1849 1723 in
1890 1671 2131 1723 omnibus

277 1760 481 1810 maqna
508 1739 759 1805 fidelium
796 1747 1101 1792 nostrorum
1154 1741 1536 1809 indignatione
1577 1741 1864 1806 obedirem,
1905 1742 2133 1810 percepi

280 1830 314 1861 a
353 1819 431 1861 teg
482 1810 936 1875 vicissitudinem,
994 1808 1203 1878 qualem
1259 1811 1531 1878 oportebat
1587 1811 1651 1862 ab
1708 1829 1794 1875 eo,
1850 1811 1945 1879 qui
1992 1812 2133 1863 vitae

277 1886 534 1949 reqnique
572 1881 745 1930 nostri
774 1881 1272 1947 perniciosissimus
1310 1880 1476 1931 hostis
1523 1888 1665 1932 esset.
1737 1880 1884 1931 Nam
1920 1900 2038 1931 cum
2073 1881 2133 1932 in

270 1950 472 2018 primis
512 1968 710 2001 omnem
752 1950 1141 2000 hereditariam
1180 1950 1514 2019 diqnitatem,
1554 1968 1692 2018 quae
1728 1950 1893 2000 michi
1931 1950 1995 2001 ab
2033 1949 2134 2001 illa

278 2019 397 2070 sede
435 2019 747 2084 debebatur,
800 2019 1025 2086 superbo
1067 2038 1207 2069 ausu
1244 2020 1549 2088 rapuisses,
1594 2020 1812 2088 Zonqius
1849 2019 1976 2071 inde
2004 2038 2135 2088 pro-

278 2089 530 2158 qrediens
567 2107 794 2158 reqnum
834 2088 1029 2141 Italiae
1059 2091 1315 2157 pessimis
1344 2090 1551 2141 artibus
1580 2089 1823 2140 alienare
1849 2091 2131 2156 temptasti.

277 2159 390 2209 Nec
431 2159 525 2209 lzoc
565 2166 840 2210 contentus
886 2161 946 2209 in
995 2159 1449 2210 reverentissimos
1499 2161 1802 2227 episcopos,
1852 2160 1947 2227 qui
1983 2158 2134 2210 nobis

277 2228 417 2279 velut
468 2228 786 2279 dulcissima
832 2229 1067 2279 membra
1116 2230 1260 2279 uniti
1307 2237 1461 2295 sunt,
1517 2248 1740 2279 manum
1784 2231 1985 2280 mittere
2022 2246 2132 2281 non

278 2299 508 2349 timuisti
553 2316 738 2366 eosque
772 2298 1171 2364 superbissimis
1197 2299 1424 2350 iniuriis
1453 2298 1913 2365 acerbissimisque
1950 2305 2133 2349 contu-

279 2368 449 2420 meliis
489 2375 678 2418 contra
715 2368 911 2418 divina
949 2375 996 2417 et
1041 2368 1285 2418 humana
1329 2369 1481 2433 iura,
1528 2375 1587 2418 ut
1623 2369 1735 2436 ipsi
1773 2369 1959 2433 aiunt,
2005 2386 2132 2419 ewa-

278 2438 468 2506 qitasti
480 2437 518 2486 ¹¹.
546 2435 695 2496 Quae
712 2439 893 2488 omnia
915 2456 1033 2488 cum
1054 2456 1149 2506 eqo
1171 2438 1410 2507 quadam
1422 2439 1700 2506 patientia
1722 2436 2132 2502 dissimularem,
2173 2451 2179 2461 ··

277 2514 335 2557 tu
374 2508 468 2558 hoc
507 2525 615 2557 non
647 2508 978 2574 patientiam
1016 2508 1109 2558 sed
1143 2509 1429 2576 iqnaviam
1469 2506 1801 2572 aestimansi,
1847 2508 1908 2558 in
1954 2508 2133 2576 ipsum

280 2584 445 2644 caput
480 2577 766 2645 insurqere
805 2595 974 2627 ausus
1013 2595 1094 2641 es,
1142 2578 1418 2628 mandans
1457 2596 1594 2646 quae
1631 2578 1799 2642 nosti,
1843 2574 2042 2628 scilicet
2076 2583 2135 2627 ut

279 2648 388 2697 tuis
425 2646 596 2697 verbis
634 2654 777 2712 utar,
816 2646 961 2715 quod
1000 2654 1094 2697 aut
1130 2654 1188 2697 tu
1224 2649 1507 2698 morereris
1555 2654 1650 2697 aut
1691 2646 1856 2698 michi
1894 2648 2135 2698 animam

279 2734 607 2785 reqnumque
644 2715 866 2767 tolleres.
928 2716 1090 2768 Hanc
1128 2717 1443 2767 inauditam
1469 2717 1864 2768 contumaciam
1889 2733 1983 2784 eqo
2023 2734 2132 2767 non

279 2785 452 2836 verbis
478 2786 569 2836 sed
606 2804 661 2837 re
690 2785 1084 2853 confutandam
1113 2786 1448 2851 diiudicans,
1488 2785 1790 2854 qeneralem
1819 2793 2133 2836 conventum

282 2857 517 2906 omnium
564 2856 724 2924 reqni
762 2857 1061 2922 primatum
1105 2857 1246 2924 ipsis
1296 2855 1728 2923 supplicantibus
1767 2855 1950 2905 habui.
2035 2854 2135 2906 Ubi

280 2943 398 2974 cum
448 2943 510 2974 ea
558 2942 695 2991 quae
746 2924 1005 2974 hactenus
1053 2933 1193 2976 metu
1242 2933 1289 2975 et
1338 2926 1638 2976 reverentia
1675 2924 2017 2990 tacebantur,
2071 2925 2133 2975 in

279 2993 505 3044 medium
544 2994 775 3045 deducta
797 2993 1071 3061 fuissent,
1109 2997 1250 3046 veris
1291 2995 1678 3046 assertionibus
1712 2994 1954 3057 illorum,
1995 3011 2134 3062 quas

281 3081 346 3113 esc
382 3064 623 3130 ipsorum
661 3063 851 3114 litteris
891 3063 1098 3128 audies,
1138 3063 1336 3133 palam
1357 3063 1581 3133 factum
1616 3072 1706 3130 est,
1745 3071 1791 3115 te
1826 3063 2133 3115 nullatenus

279 3133 338 3183 in
369 3131 668 3200 apostolica
694 3133 814 3184 sede
832 3151 994 3200 posse
1014 3135 1316 3201 persistere.
1386 3132 1628 3193 Quorum
1655 3135 1962 3199 sententiae,
2001 3134 2133 3202 quia

282 3249 319 3291 a)
346 3259 422 3282 non
454 3247 495 3281 1b
524 3256 553 3282 et
580 3252 655 3283 edd.
758 3250 796 3292 b)
822 3253 856 3283 H
902 3254 933 3286 1.
1035 3250 1070 3293 c)
1100 3261 1283 3285 concussa
1312 3255 1342 3286 1.
1444 3253 1480 3295 d)
1506 3254 1556 3285 ita
1587 3255 1624 3293 23
1659 3263 1801 3294 compr.
1831 3255 1864 3285 1.
1968 3250 2005 3293 e)
2033 3251 2088 3283 hic
2114 3252 2132 3283 1

279 3308 407 3331 novum
435 3305 540 3339 caput
569 3301 722 3333 orditur.
798 3301 828 3342 f)
857 3302 902 3335 H.
932 3303 965 3333 1.
1054 3300 1091 3343 g)
1120 3303 1210 3333 deest
1240 3305 1274 3337 1.
1347 3301 1386 3343 h)
1416 3303 1654 3336 exacerbasti
1679 3303 1711 3335 2.
1790 3299 1817 3342 i)
1847 3301 2071 3334 existimans
2098 3299 2133 3333 2.

283 3385 328 3440 1)
362 3402 400 3428 v.
436 3384 601 3442 Legum
641 3387 688 3428 T.
722 3387 789 3439 II,
815 3401 867 3440 p.
901 3388 972 3428 46.
1039 3388 1086 3430 P.
