2204 3765
557 123 756 162 BRUNO
788 123 868 162 DE
901 124 1096 164 BELLO
1131 126 1437 169 SAXONICO.
1850 138 1926 176 101

229 261 344 311 130.
415 261 692 330 Principes
731 278 854 311 vero
894 260 1158 313 Saxoniae
1204 265 1405 315 eunctis
1454 266 1699 333 gentibus
1748 270 2056 322 'scuto-10⁸1.

86 329 237 380 nicae
284 328 522 398 linguae,
578 348 685 380 non
731 330 905 380 minus
955 331 1213 382 inimicisa
1262 350 1422 400 quain
1471 336 1682 401 amicis,
1737 338 1934 405 legatos
1957 337 2060 369 ‘'¹⁰⁷¹'-

85 399 358 463 miserunt,
407 406 651 467 rogantes
697 407 755 449 ut
790 398 1047 450 Heinrico
1085 399 1297 469 filioque
1335 403 1447 452 cius
1485 415 1724 472 exceptO,
1763 425 1935 474 quem-

83 467 214 519 libet
249 467 410 518 alium
448 476 703 518 rectorem
743 467 1020 535 eligerent,
1071 487 1125 519 se
1163 470 1226 534 ei,
1275 472 1576 540 quicunque
1615 484 1765 537 esset,
1815 476 1935 527 tide-

85 535 204 589 liter
250 538 539 589 servituros
590 535 919 606 pollicentes3
968 547 1227 606 quatenus
1275 540 1449 589 omnia
1495 543 1639 608 regni
1687 544 1936 608 membra,

87 607 224 657 sicut
261 605 386 657 olim
411 607 631 669 fuerant,
669 607 724 656 in
749 624 914 656 unum
944 606 1041 657 sub
1069 625 1173 657 uno
1201 626 1323 675 rege
1351 612 1702 662 convenirent.
1760 612 1937 664 Mense

83 682 262 727 autem
288 676 441 727 Iunio
481 676 720 727 exercitu
746 674 963 727 collecto
990 687 1336 745 perrexerunt
1369 678 1422 728 in
1450 679 1750 730 orientalem
1781 682 1938 732 Fran·
1959 708 2036 739 m,

86 745 239 810 ciam,
279 754 331 797 et
357 745 566 814 praedis
593 743 677 795 vel
702 744 963 796 incendiis
1002 763 1116 797 eam
1156 747 1425 812 vastandO,
1463 747 1650 799 multas
1679 769 1806 820 quas
1839 752 1937 803 sibi

81 813 318 866 fecerant
341 815 560 865 iniurias
586 815 1004 866 vindicaverunt.
1077 815 1213 866 Nam
1252 815 1463 866 flamma
1500 816 1659 868 latum
1692 820 1938 872 facientes

80 884 196 948 iter,
234 893 492 936 venerunt
527 902 633 935 non
672 884 827 952 longe
865 902 896 934 a
927 884 1263 953 Babenberg,
1302 885 1480 954 ibique
1509 888 1710 938 Suevos
1738 900 1938 940 veteres

80 954 283 1005 amicos
322 953 575 1005 habentes
616 953 854 1018 obviosb‚
909 953 973 1004 de
1025 955 1291 1004 communi
1329 957 1541 1023 negotio
1579 958 1714 1022 regis
1753 961 1939 1009 consti-

81 1022 266 1074 tuendi
305 1024 574 1074 communi
625 1022 841 1074 consilio
889 1030 1261 1088 tractaverunt,
1313 1033 1363 1074 et
1409 1033 1527 1093 post
1574 1024 1761 1077 multos
1810 1036 1938 1077 trac-

81 1100 238 1158 tatus,
286 1102 345 1144 ut
382 1093 804 1144 Herimannumc
850 1110 1032 1160 regem
1079 1092 1349 1161 eligerent,
1400 1095 1714 1145 unanimiter
1760 1114 1939 1147 omnes

83 1169 479 1213 consenserunt.

226 1233 340 1283 131.
417 1231 523 1284 Sed
563 1249 683 1282 cum
724 1232 963 1284 Saxones
1003 1230 1218 1281 domum
1266 1230 1389 1282 laeti
1426 1231 1743 1300 gloriosique
1782 1234 1939 1284 redis-

82 1308 214 1367 sent,
253 1300 562 1371 nullumque
611 1301 831 1354 dubium
870 1301 934 1352 de
972 1300 1274 1369 recipiendo
1311 1319 1434 1368 rege
1471 1302 1764 1363 retinerent,
1805 1304 1940 1371 prin-

84 1370 230 1440 cipes
267 1371 520 1423 adversae
558 1372 739 1440 partis,
778 1372 903 1422 artis
942 1371 1190 1439 antiquae
1228 1388 1331 1420 non
1370 1369 1532 1435 obliti,
1573 1371 1695 1439 quia
1721 1370 1939 1422 electum

81 1459 261 1509 regem
288 1439 442 1493 valde
468 1441 740 1506 timebant,
780 1440 1088 1492 electionem
1122 1440 1248 1501 eius,
1286 1458 1351 1490 ne
1379 1439 1733 1508 perficeretur,
1773 1442 1940 1492 modis

83 1511 331 1562 omnibus
371 1510 668 1563 disturbare
708 1510 1046 1580 quaerebant.
1123 1510 1374 1561 Ottonem
1408 1527 1530 1576 ergo
1559 1509 1744 1560 ducem
1773 1511 1939 1561 solum

85 1577 189 1629 sibi
225 1579 370 1649 loqui
396 1581 673 1649 rogabant,
712 1579 996 1649 multisque
1034 1578 1500 1647 pollicitationibus
1539 1579 1601 1641 ei,
1639 1588 1695 1629 ut
1732 1580 1782 1629 in
1811 1579 1939 1631 elec-

83 1649 226 1701 tione
254 1649 542 1714 vacillaret,
580 1649 993 1719 persuadebant,
1032 1667 1140 1699 non
1177 1658 1353 1699 tamen
1391 1656 1448 1698 ut
1485 1656 1682 1699 certum
1714 1648 1838 1717 quid
1866 1651 1938 1700 eis

82 1721 428 1788 promitteret,
479 1719 687 1772 efficere
733 1728 993 1788 poterant.
1075 1718 1163 1770 Sic
1212 1735 1272 1769 eo
1324 1717 1595 1769 dubitante
1643 1736 1938 1787 magnaque

84 1796 236 1857 parte
282 1790 393 1841 eius
432 1789 748 1841 dubitationi
795 1789 1173 1853 consentiente,
1223 1796 1334 1839 tota
1369 1788 1617 1856 praeterit
1654 1800 1837 1852 aestas,
1890 1797 1940 1839 et

83 1876 253 1927 paene
307 1867 472 1911 totam
529 1859 819 1911 Saxoniam
876 1866 1236 1909 commoverat
1297 1857 1408 1907 eius
1462 1855 1786 1908 instabilitas.
1878 1858 1938 1907 In

83 1928 386 1981 Novembre
411 1947 536 1980 vero
574 1947 754 1981 mense
791 1930 980 1981 iterum
1008 1935 1227 1979 vocatus
1265 1924 1332 1976 ab
1370 1925 1470 1976 illis
1497 1926 1563 1977 ad
1590 1925 2041 1995 soliloquium,1vou.

85 2017 211 2050 cum
246 2001 354 2050 iam
390 2007 532 2050 totus
571 2007 708 2050 esset
743 1998 1026 2050 inclinatus
1063 1997 1131 2048 ad
1167 2005 1465 2047 nostrorum
1497 2003 1670 2064 partes
1697 1995 1937 2061 hostium,

83 2069 189 2121 Dei
226 2069 588 2121 misericordia
611 2068 851 2134 faciente,
888 2086 955 2119 ne
981 2075 1059 2119 tot
1084 2085 1205 2118 suos
1231 2065 1453 2131 laboreS,
1493 2083 1621 2134 quos
1648 2084 1742 2134 pro
1770 2065 1939 2134 patria

83 2137 414 2204 toleraverat,
450 2141 506 2190 in
541 2137 739 2190 ultimis
777 2136 1106 2207 temporibus
1142 2135 1401 2206 perderet,
1441 2152 1606 2203 equus
1642 2135 1726 2185 cui
1752 2134 1938 2185 inside-

83 2208 214 2261 batd
250 2209 306 2259 in
342 2208 501 2279 plano
540 2226 730 2278 campo
769 2208 976 2273 cecidit,
1026 2207 1236 2276 ipsique
1275 2204 1468 2256 sessori
1506 2221 1622 2254 crus
1670 2222 1830 2254 unum
1868 2205 1939 2254 ita

83 2278 348 2344 contrivit,
386 2288 446 2330 ut
481 2278 591 2330 fere
627 2280 833 2346 integro
872 2295 1052 2329 mense
1089 2276 1191 2326 nisi
1227 2281 1466 2344 portatus
1504 2274 1579 2325 ire
1616 2291 1719 2324 non
1746 2282 1938 2341 posset.

83 2348 256 2416 Igitur
303 2347 372 2399 ad
421 2367 476 2400 se
525 2348 695 2416 gratia
738 2348 844 2399 Dei
893 2356 1139 2398 movente
1185 2362 1442 2407 reverSUS,
1493 2362 1547 2394 se
1595 2360 1839 2411 peccasse
1890 2351 1941 2394 et

84 2418 268 2469 divina
304 2418 501 2487 pietate
538 2426 841 2487 correptum
881 2435 996 2468 esse
1032 2414 1307 2467 intellexit.
1380 2413 1558 2464 Missis
1595 2414 1772 2482 itaque
1803 2411 1938 2480 lega-

82 2488 317 2540 tionibus
357 2487 594 2554 diversiS,
633 2496 685 2539 et
720 2487 958 2540 hostibus
994 2485 1331 2549 renuntiavit,
1381 2491 1432 2534 et
1481 2481 1687 2532 civibus
1731 2482 1838 2532 suis
1885 2499 1938 2531 se

86 2577 298 2627 semper
334 2557 444 2609 fore
482 2556 690 2609 fidelem
730 2565 781 2608 et
806 2556 1124 2608 concordem
1154 2552 1376 2605 fideliter
1399 2551 1712 2620 repromisit.
1787 2549 1937 2601 Unde

84 2628 353 2698 principes
393 2627 658 2679 Saxoniae
695 2626 849 2679 valde
898 2625 1093 2692 laetati,
1141 2642 1322 2692 regem
1368 2639 1520 2672 suum
1557 2620 1938 2670 Herimannum

86 2716 208 2749 cum
258 2716 452 2766 magno
503 2696 737 2765 tripudio
787 2695 1061 2748 Goslariae
1111 2699 1473 2761 susceperunt,
1522 2690 1706 2758 paucis
1756 2688 1938 2739 diebus

86 2777 208 2820 ante
243 2767 473 2819 natalem
511 2768 746 2819 Domini.
819 2767 883 2817 In
918 2765 1079 2816 natali
1109 2781 1232 2815 vero
1272 2761 1439 2813 sancti
1478 2757 1731 2828 Stephani
1765 2766 2034 2826 proto-Dec.
2065 2773 2121 2803 26.

86 2839 335 2906 martyris
373 2855 405 2888 a
425 2836 696 2905 sigifrido,
722 2836 1064 2906 Magontinae
1091 2833 1228 2886 sedis
1248 2830 1659 2898 archiepiscopo,
1686 2828 1739 2877 in
1758 2844 1937 2906 regem

85 2906 457 2960 venerabiliter
493 2915 574 2958 est
610 2916 817 2972 unctuS,
855 2924 978 2957 cum
1015 2905 1121 2955 iam
1164 2902 1341 2955 108211S
1375 2917 1542 2950 annus
1567 2899 1938 2948 incarnanoms

88 2976 387 3029 dominicae
423 2976 609 3029 fuisset
643 2977 935 3045 inceptuse.

87 3112 126 3154 a)
155 3121 229 3146 am.
259 3123 293 3152 q.
320 3113 345 3145 i.
378 3114 408 3143 l.
533 3110 573 3152 b)
600 3112 692 3143 deest
720 3113 753 3144 1.
882 3109 916 3151 c)
944 3111 1075 3142 Herm.
1106 3110 1123 3139 1
1153 3110 1368 3139 constanter.
1515 3101 1552 3143 d)
1582 3103 1631 3132 ica
1660 3102 1698 3139 23
1726 3100 1879 3132 sedebat
1907 3101 1937 3129 1.

86 3161 126 3202 e)
154 3163 202 3194 Et
228 3165 374 3194 tantum
402 3162 448 3193 de
473 3161 577 3192 beuo
602 3161 670 3192 illo
689 3160 879 3194 Saxonico
908 3163 945 3192 et
965 3159 1148 3191 Heinrico
1176 3159 1309 3196 quarto
1338 3164 1384 3186 ex
1408 3153 1561 3185 cronica
1585 3154 1621 3183 et
1634 3150 1792 3182 historia
1814 3150 1884 3180 ista
1907 3148 1938 3178 1.
