2204 3765
0 201 13 274 ξ
70 226 232 279 posse
268 215 583 275 monstrare,
621 213 671 261 si
708 211 803 262 hoc
840 211 1091 280 effeceris,
1130 220 1187 262 ut
1224 214 1320 263 iste
1345 231 1489 263 meus
1515 218 1736 267 nuntius
1762 238 1910 271 num-

553 72 750 113 BRUNO
782 73 863 113 DE
895 74 1091 115 BELLO
1125 75 1433 117 SAXONICO.
1885 88 1910 125 9

81 297 241 348 quam
264 278 324 327 in
349 296 522 329 ‘meum
546 298 772 347 reqnum
788 282 970 348 possit
993 299 1228 332 remeare
1241 300 1260 346 ,·
1299 282 1440 350 quod
1467 290 1641 334 utrum
1658 292 1677 316 ³
1706 295 1913 338 aeterno

79 365 292 399 carcere
327 346 407 397 vel
435 349 623 414 potius
661 348 868 416 efficias
894 357 1073 413 morte,
1111 350 1280 400 nichil
1295 358 1438 417 puta
1466 350 1695 419 d{ffet·7·e.
1757 354 1912 406 Litte-

5 464 11 470 ,
75 416 148 466 ris
195 415 373 484 itaque
423 418 745 485 consumptis
795 418 927 484 igni,
983 418 1096 485 ipse
1142 416 1308 468 laetus
1355 419 1452 469 iter
1499 437 1650 470 suum
1736 425 1913 490 eregit,

74 483 391 552 legationem
434 485 720 552 prudenter
764 484 1020 554 implevit,
1067 503 1172 536 non
1220 503 1384 554 parvo
1434 505 1645 539 munere
1733 500 1914 542 onatus

74 552 246 617 rediit,
283 551 496 604 domino
535 571 628 604 suo
666 555 779 622 regi
815 553 1013 621 regalia
1050 553 1188 604 dona
1223 556 1467 622 portavit.

217 622 297 672 14.
368 621 454 674 De
542 621 734 674 uodam
781 623 964 673 intimo
1012 623 1177 691 ipsius
1217 623 1528 688 consiliario,
1577 626 1726 676 cuius
1765 645 1914 678 voca-

73 688 256 742 bulum
307 691 444 742 sicut
490 692 713 742 aiorum
749 690 1032 741 multorum
1072 701 1258 761 sponte
1295 701 1580 761 praetereO,
1630 713 1738 746 rem
1778 714 1914 746 com-

73 759 202 828 peri,
243 777 402 827 quam
439 759 639 812 idcirco
677 759 763 810 hic
800 759 997 828 placuit
1032 760 1207 825 inseri,
1258 763 1381 830 quia
1418 761 1519 812 duo
1557 780 1661 812 non
1700 765 1914 815 minima

75 828 307 880 eontinet
350 829 405 878 in
455 847 511 880 se
554 829 694 897 regis
740 829 885 893 vitia,
938 847 1070 897 quae
1109 839 1231 880 sunt
1267 829 1510 882 videlicet
1548 831 1824 884 crudelitas
1863 843 1915 885 ct

72 895 298 948 luxuria.
359 897 465 947 Hic
504 915 624 948 cum
661 914 764 948 non
804 906 941 949 esset
979 907 1120 949 ortus
1158 916 1189 948 a
1216 898 1463 964 Saxonia,
1504 899 1655 950 duxit
1693 920 1912 953 uxorem

72 974 252 1018 natam
301 965 365 1016 de
405 965 656 1032 Saxonia,
710 967 975 1035 virginem
1020 975 1127 1018 tam
1177 967 1460 1018 formosam
1500 987 1716 1037 corpore
1756 989 1912 1038 quam

73 1042 126 1087 et
170 1033 404 1086 nobilem
451 1053 661 1103 genere.
743 1036 860 1087 Rex
912 1036 1028 1104 ipse
1078 1053 1193 1087 eam
1248 1035 1322 1086 illi
1371 1055 1401 1087 a
1490 1039 1754 1089 arentibus
1803 1041 1913 1090 eius

71 1103 398 1173 impetravit,
447 1122 543 1155 rex
592 1107 608 1154 1'
652 1122 707 1155 se
753 1106 951 1175 nuptiis
1002 1104 1257 1170 interfuit,
1309 1105 1400 1156 sed
1483 1105 1692 1170 ubium,
1741 1117 1914 1158 utrum

71 1174 239 1242 magis
276 1190 372 1242 pro
410 1175 590 1242 sponsi
611 1122 822 1225 {onore
858 1173 974 1225 velb
1012 1191 1108 1242 pro
1147 1191 1323 1225 amore
1363 1192 1601 1242 sponsae.
1668 1175 1913 1227 Nondum

69 1240 159 1293 illa
195 1242 574 1312 desponsataec
599 1241 873 1312 virginalis
899 1242 1187 1313 pudicitiae
1213 1243 1468 1312 pudorem
1497 1243 1754 1312 deposuit,
1794 1263 1914 1295 cum

69 1329 167 1364 rex
215 1313 358 1363 omni
406 1312 609 1381 pudore
661 1312 927 1381 depositO,
974 1320 1032 1363 ut
1081 1330 1196 1364 eam
1246 1311 1344 1363 sibi
1398 1312 1466 1363 ad
1515 1312 1710 1365 lectum
1761 1332 1913 1364 suum

68 1381 314 1447 mitteret,
351 1381 528 1450 ipsum
566 1400 816 1450 sponsum
848 1382 1050 1451 petivit.
1115 1381 1269 1433 ‘Cum
1294 1399 1390 1433 nec
1415 1381 1574 1433 ullam
1602 1385 1742 1447 rem',
1782 1381 1916 1433 dixit

67 1448 169 1516 ille,
210 1456 324 1502 ‘nec
361 1451 530 1519 ipsam
569 1453 733 1503 vitam
766 1452 916 1503 vobis
943 1468 1176 1520 unquam
1211 1449 1367 1501 velim
1402 1468 1611 1519 negare,
1649 1451 1779 1502 haec
1806 1451 1915 1502 sola

66 1537 151 1571 res
197 1529 290 1586 est,
341 1538 500 1589 quam
545 1539 644 1572 nec
687 1538 781 1572 vos
828 1521 980 1571 decet
1024 1537 1055 1570 a
1099 1539 1182 1571 me
1228 1527 1421 1588 petere,
1470 1539 1567 1571 nec
1615 1538 1711 1588 ego
1761 1519 1913 1571 vobis

66 1606 287 1659 possum
315 1589 634 1641 concedere'.
695 1591 813 1640 Rex
838 1607 1063 1657 magnus
1090 1587 1459 1654 dissimulator,
1498 1588 1728 1640 dolorem
1758 1607 1913 1658 quem

67 1660 118 1710 in
160 1659 319 1710 corde
345 1676 597 1727 magnum
623 1658 821 1724 habuit,
859 1677 957 1709 nec
984 1657 1133 1709 vultu
1158 1676 1257 1709 nec
1282 1657 1458 1709 verbis
1488 1659 1726 1709 ostendit.
1788 1659 1914 1709 Post

66 1745 174 1779 non
218 1726 411 1779 multos
457 1737 633 1779 autem
685 1727 824 1794 dies,
876 1745 997 1778 cum
1044 1725 1129 1777 ille
1176 1728 1282 1776 iam
1330 1745 1547 1778 securus
1601 1726 1763 1777 nichil
1813 1727 1913 1778 sibi

66 1798 290 1862 timeret,
337 1816 435 1848 rex
478 1797 585 1849 fere
622 1796 799 1848 media
833 1805 987 1847 nocte
1024 1796 1168 1847 misit
1204 1795 1272 1846 ad
1311 1813 1445 1859 eum,
1492 1796 1820 1864 praecipiens
1860 1804 1916 1846 ut

67 1865 206 1918 solus
243 1866 311 1918 ad
349 1885 404 1918 se
439 1867 658 1918 veniret.
720 1865 814 1917 Ille
853 1866 1096 1935 quamvis
1133 1881 1275 1915 more
1312 1865 1451 1932 regis
1491 1866 1702 1932 cognito
1743 1873 1914 1915 certus

67 1943 217 2001 esset,
265 1937 407 2005 quod
452 1936 508 1986 in
554 1936 674 2004 ipsa
722 1943 876 1986 nocte
920 1935 1055 1985 mori
1093 1933 1376 1996 debuisset,
1414 1941 1589 1984 tamen
1629 1951 1732 2002 quo
1771 1932 1913 1983 iube-

64 2005 220 2058 batur
254 2005 374 2071 ivit3
415 2005 508 2056 sed
544 2006 694 2074 prius
731 2004 950 2055 loricam
975 2001 1235 2071 triplicem
1263 2001 1445 2053 subtus
1471 2003 1704 2053 tunicam
1729 2001 1913 2052 induit.

67 2073 308 2143 Cumque
346 2074 414 2125 ad
449 2072 770 2125 vestibulum
809 2072 995 2125 cubilis
1032 2073 1164 2139 regii
1188 2072 1433 2136 venisset,
1473 2089 1595 2122 ecce
1623 2071 1726 2122 duo
1753 2069 1914 2140 gladii

65 2143 134 2194 ad
171 2144 275 2195 duo
311 2142 477 2195 latera
514 2144 626 2194 eius
664 2142 857 2209 *affixi,
895 2143 951 2192 in
988 2142 1173 2193 mediis
1213 2141 1324 2192 eius
1362 2139 1652 2192 visceribus
1692 2140 1789 2191 sibi
1828 2140 1913 2191 ob-

64 2214 283 2279 viarent,
321 2214 425 2264 nisi
461 2230 550 2264 eos
587 2212 816 2264 thoracis
851 2211 1104 2263 fortitudo
1143 2208 1434 2278 repulisset.
1505 2207 1597 2260 Ille
1635 2217 1809 2261 tamen
1847 2208 1914 2259 ad

64 2301 242 2351 regem
288 2283 555 2351 pervenit,
612 2289 663 2334 et
713 2283 761 2334 ei
811 2280 1033 2351 qualiter
1082 2287 1202 2330 ante
1253 2277 1423 2330 cubile
1475 2279 1587 2329 eius
1637 2285 1913 2346 susceptus

66 2358 204 2404 esset
250 2351 521 2402 indicavit.
597 2349 699 2402 Cui
748 2370 845 2402 rex
894 2350 1191 2419 praecepit,
1239 2357 1296 2398 ut
1341 2348 1385 2398 si
1435 2347 1682 2416 deinceps
1735 2348 1911 2397 vivere

63 2419 238 2484 vellet,
275 2421 377 2472 hoc
414 2419 480 2471 ab
519 2438 581 2471 eo
618 2418 791 2471 nullus
828 2437 1062 2488 unquam
1102 2419 1273 2468 sciret.

207 2491 288 2541 15.
364 2489 627 2542 Omnibus
663 2488 744 2539 his
783 2488 934 2539 malis
971 2488 1070 2539 hoc
1107 2485 1302 2537 malum
1343 2483 1719 2554 superaddidit,
1771 2483 1912 2552 quod

65 2560 254 2612 ceteris
293 2559 537 2610 omnibus
574 2557 741 2623 maliS,
781 2566 832 2609 et
857 2557 1086 2625 antiquis
1112 2556 1501 2606 firmamentum
1530 2570 1632 2622 quo
1660 2554 1911 2620 vigerent,

66 2637 118 2681 et
151 2629 304 2679 novis
345 2646 448 2697 quo
487 2634 763 2696 surgerent
808 2628 1017 2677 initium
1068 2623 1226 2676 dedit.
1299 2623 1594 2692 Episcopos
1632 2622 1771 2671 enim
1807 2638 1913 2671 non

65 2715 162 2767 pro
202 2697 451 2767 qualitate
497 2698 806 2748 meritorum
852 2694 1140 2747 secundum
1177 2710 1439 2744 canonum
1477 2691 1686 2742 decreta
1723 2691 1912 2741 consti-

66 2768 181 2833 tuit,
229 2767 322 2818 sed
368 2767 411 2817 si
459 2767 576 2835 quis
621 2766 876 2817 maiorem
921 2764 1200 2834 pecuniam
1247 2760 1406 2825 dedit,
1456 2758 1539 2811 vel
1587 2761 1701 2828 ipse
1746 2759 1912 2809 maior

68 2837 178 2888 eius
215 2835 538 2904 flagitiorum
575 2834 817 2886 adulator
854 2834 1042 2899 extitit,
1079 2831 1163 2882 hic
1203 2830 1413 2898 dignior
1451 2826 1686 2896 quolibet
1715 2829 1911 2895 episco-

16 2959 19 2963 ,
66 2913 197 2986 patu
237 2905 352 2956 fuit.
426 2903 666 2974 Cumque
715 2903 873 2955 alicui
920 2905 995 2954 sic
1043 2902 1410 2978 episcopatum
1460 2896 1715 2961 dedisset,
1769 2897 1810 2946 si
1861 2898 1908 2947 ei

69 2973 200 3026 alius
253 2974 373 3044 plus
428 2974 578 3026 daret
641 2973 726 3025 vel
778 2974 890 3024 eius
951 2971 1122 3039 magis
1174 2969 1410 3020 facinora
1461 2964 1714 3029 laudaret,
1767 2965 1911 3015 illum

69 3045 298 3113 priorem
335 3044 489 3113 quasi
526 3043 891 3112 symoniacum
927 3040 1052 3092 fecit
1089 3038 1295 3107 deponi,
1341 3044 1390 3087 et
1426 3036 1584 3086 istum
1623 3033 1911 3085 secundum

72 3115 222 3183 quasi
270 3122 510 3164 sanctum
557 3114 613 3163 in
650 3111 836 3163 eodem
870 3109 988 3161 loco
1027 3107 1336 3159 consecrari.
1409 3103 1565 3156 Unde
1604 3103 1820 3169 contigit
1856 3112 1913 3152 ut

69 3182 264 3234 multae
321 3182 557 3232 civitates
614 3182 669 3231 in
716 3179 819 3230 illis
865 3176 1192 3246 temporibus
1238 3175 1369 3226 duos
1424 3173 1701 3241 episcopos
1758 3169 1912 3221 simul

69 3251 351 3316 haberent,
409 3268 632 3318 quorum
681 3259 865 3300 neuter
914 3247 1151 3316 episcopi
1203 3241 1461 3295 vocabulo
1517 3240 1704 3309 dignus
1761 3246 1909 3290 esset.

71 3382 109 3427 a)
134 3386 186 3417 ita
212 3386 263 3418 ed.
292 3389 322 3417 et
349 3385 391 3424 23
417 3370 439 3424 ἆ
464 3381 531 3415 vffi
558 3385 592 3416 1.
692 3382 730 3424 b)
759 3392 809 3414 an
836 3378 893 3414 lb.
995 3380 1027 3421 c)
1056 3379 1247 3420 desposite
1276 3380 1308 3408 1.

1931 2157 1997 2199 *μ
2014 2158 2097 2191 334.
