2204 3765
568 94 765 135 BRUNO
798 95 879 134 DE
911 96 1105 136 BELLO
1140 97 1445 140 SAXONICO.
1871 109 1925 148 ‘23

87 230 325 282 moniam
361 230 512 296 fecit,
550 231 760 297 dicens,
800 230 942 300 quod
977 232 1178 299 priores
1216 253 1340 286 suae
1367 237 1687 306 expulsionis
1711 242 1924 295 iniuriae
1946 260 2049 291 iou.

85 299 197 351 sibi
231 317 372 351 nunc
408 299 550 352 leves
576 308 763 366 essent,
800 300 925 351 istas
953 300 1053 351 sibi
1079 320 1297 371 magnas
1324 313 1374 356 et
1399 305 1710 358 insanabiles
1736 310 1924 375 videri3

90 369 148 420 in
192 369 457 438 prioribus
508 388 562 421 se
611 388 733 421 cum
783 370 889 419 suis
936 371 1259 439 principibus
1297 373 1455 425 fuisse
1493 375 1826 443 despectum,
1876 381 1928 430 in

89 438 205 489 istis
231 456 353 489 vere
380 456 475 489 suo
505 456 822 508 suorumque
859 437 1130 506 despectui
1168 443 1505 494 coniunctum
1543 464 1656 496 esse
1694 446 1928 499 coelestis

89 505 336 573 militiae,
390 516 442 558 et
489 507 630 577 quod
679 515 815 558 esset
860 506 940 557 his
991 509 1184 575 maius,
1239 512 1524 564 maiestatis
1569 513 1775 565 divinae
1815 534 1931 567 con·

90 583 367 645 temptum.
439 576 576 627 Nam
622 575 853 627 narravit
900 576 973 627 eis
1011 576 1316 643 lacrimans,
1369 582 1491 650 quia
1537 582 1659 632 dum
1699 584 1929 652 ipsorum

89 644 325 696 consiliis
381 654 562 697 contra
612 663 762 696 suam
810 643 1132 696 voluntatem
1183 648 1372 699 cedens
1425 651 1722 703 saxonibus
1780 672 1929 704 suum

87 713 362 766 castellum
398 714 564 783 regali
613 721 825 782 sumptu
875 724 1230 767 constructum
1269 718 1493 771 traderet
1529 720 1931 787 demoliendum,

88 783 164 834 illi
209 801 315 835 non
361 783 554 849 solum,
606 783 748 853 quod
795 784 868 834 eis
916 786 1229 852 permissum
1285 796 1416 852 erat,
1471 788 1597 839 illud
1652 790 1931 842 inhumano

86 870 234 904 more
274 852 625 919 destruerent,
665 852 757 904 sed
803 853 1019 921 insuper
1061 858 1434 908 monasterium
1472 858 1588 909 Deo
1637 862 1931 929 sanctisque

87 930 472 987 consecratum,
498 923 720 991 paganis
747 922 990 973 omnibus
1018 923 1335 976 crudeliores
1361 926 1594 978 funditus
1627 928 1931 995 diruerenta,

85 1009 389 1061 campanaS‚
444 991 633 1042 calices
672 999 722 1043 et
770 1000 942 1042 cetera
990 991 1057 1042 ad
1094 992 1344 1045 honorem
1382 996 1486 1047 Dei
1539 996 1756 1049 collecta
1792 998 1930 1050 velut

85 1062 310 1131 profana
348 1061 736 1130 confringerent
771 1059 855 1111 vel
889 1060 1066 1113 hostili
1103 1063 1440 1131 praedatione
1480 1065 1786 1135 diriperent,
1835 1069 1933 1118 fra-

87 1140 223 1183 trem
258 1130 530 1202 filiumque
556 1149 724 1197 suum,
761 1138 1043 1199 utrumque
1082 1131 1283 1200 prolem
1321 1135 1539 1201 regiam,
1571 1136 1933 1188 miserabiliter

81 1217 120 1250 a
169 1199 424 1270 sepulcris
471 1202 664 1251 eiectos
712 1201 768 1250 in
812 1208 1026 1251 ventum
1075 1201 1408 1253 membratim
1453 1203 1834 1273 dispergerent,
1884 1214 1934 1257 et

124 1269 232 1321 uod
268 1270 349 1321 his
387 1268 630 1322 omnibus
656 1270 826 1339 magis
854 1279 990 1322 esset
1014 1270 1316 1336 nefandum,
1356 1283 1655 1324 sanctorum
1689 1274 1932 1343 reliquias

81 1288 156 1390 iffi)
203 1339 454 1392 altaribus
493 1341 654 1391 sacris
704 1339 1011 1391 execrandis
1060 1339 1304 1392 manibus
1343 1351 1516 1393 erutas
1553 1343 1695 1394 velut
1734 1345 1933 1395 innum-

82 1408 243 1460 ditias
282 1410 535 1479 quasdam
572 1428 668 1479 per
715 1407 935 1478 profana
982 1409 1099 1460 loca
1143 1409 1472 1480 dissiparent.
1545 1412 1644 1464 His
1692 1414 1932 1465 omnibus

84 1496 193 1530 non
238 1481 348 1530 sine
401 1479 549 1549 largo
603 1479 730 1530 fletu
784 1480 1039 1548 peroratis
1097 1479 1422 1548 singulorum
1475 1482 1636 1550 pedes
1693 1482 1931 1534 osculans

84 1550 282 1615 oravit,
331 1557 390 1601 ut
426 1551 470 1601 si
505 1567 611 1600 non
648 1566 797 1600 suam
845 1557 1088 1600 curarent
1123 1549 1392 1602 vindicare
1430 1551 1700 1617 iniuriam,
1750 1551 1930 1604 saltem

79 1618 458 1670 contumeliam
494 1619 611 1670 Deo
649 1618 860 1686 Deique
909 1619 1104 1670 sanctis
1153 1618 1350 1670 illatam
1398 1639 1665 1673 remanere
1703 1640 1806 1672 non
1843 1640 1930 1690 pa-

83 1695 318 1740 terentur
354 1688 590 1739 inultam.
651 1688 745 1740 Ait
772 1688 1011 1741 Saxones
1047 1707 1154 1740 non
1190 1688 1440 1741 dicendos
1467 1708 1578 1741 esse
1606 1691 1927 1752 christianos,

84 1759 178 1826 qui
227 1776 348 1809 cum
406 1757 705 1828 supradicta
760 1756 957 1809 scelera
1010 1759 1064 1808 in
1118 1758 1274 1810 domo
1315 1758 1510 1810 Christi
1565 1759 1816 1824 facerent,
1875 1779 1928 1812 se

85 1827 357 1879 Christum
405 1828 534 1878 necb
584 1845 761 1879 amare
809 1846 908 1878 nec
956 1828 1140 1879 timere
1187 1837 1549 1880 monstrarent.
1631 1828 1753 1880 Illos
1804 1848 1927 1881 vcro

76 1897 277 1950 debere
321 1915 417 1966 per
463 1901 564 1948 hoc
620 1916 734 1948 esse
781 1915 835 1948 se
887 1896 1084 1949 Christi
1135 1896 1315 1948 fideles
1372 1898 1665 1964 ostendere,
1722 1901 1764 1949 si
1818 1898 1927 1949 zelo

84 1966 283 2019 Christi
318 1968 580 2019 ferventes
618 1967 728 2019 eius
764 1967 979 2018 iniurias
1014 1985 1122 2018 non
1157 1967 1457 2019 dubitarent
1493 1969 1607 2037 ipso
1646 1969 1927 2020 adiuvante

78 2036 372 2089 vindicare.
433 2037 546 2088 Has
585 2037 941 2107 querimonias
981 2044 1032 2088 et
1069 2036 1494 2106 supplicationes,
1524 2037 1647 2088 dum
1688 2039 1926 2107 quotiens

79 2107 232 2158 fieret
283 2107 583 2177 principum
631 2116 918 2158 conventus
972 2114 1255 2176 repeteret,
1315 2126 1482 2158 annus
1536 2109 1739 2173 integer
1793 2106 1927 2159 evol-

78 2178 240 2243 vitur,
278 2185 562 2246 antequam
600 2195 695 2228 sua
730 2175 987 2242 voluntas,
1025 2186 1085 2228 ut
1120 2177 1174 2226 in
1212 2176 1500 2228 Saxoniam
1526 2176 1715 2228 ducere
1753 2184 1929 2245 posset

77 2247 378 2298 exercitum
404 2245 768 2315 compleretur.
829 2246 1073 2315 Namque
1101 2264 1280 2297 omnes
1319 2248 1409 2316 qui
1445 2247 1681 2298 miserias
1718 2247 1927 2297 misera-

81 2315 243 2382 biles,
299 2334 428 2386 quas
474 2317 722 2368 intulerat
760 2315 1025 2368 Saxoniae
1064 2315 1326 2380 sciebant,
1384 2334 1506 2367 cum
1544 2334 1696 2367 omne
1733 2314 1928 2367 bellum

79 2404 165 2437 res
205 2386 271 2437 sit
307 2404 494 2454 aspera
528 2404 627 2437 nec
664 2386 817 2437 huius
855 2384 979 2437 belli
1017 2387 1141 2436 satis
1178 2393 1380 2454 pateret
1416 2386 1604 2437 idonea
1642 2402 1821 2447 causa,
1863 2383 1929 2435 ad

75 2455 432 2508 differendum
492 2455 592 2506 hoc
657 2454 852 2507 bellum
916 2454 1175 2524 quaslibet
1235 2456 1537 2507 occasiones
1594 2453 1925 2524 quaerebant.

80 2524 242 2590 Quod
286 2525 386 2576 nisi
430 2523 715 2576 Rodulfum
765 2525 955 2576 ducem
1002 2524 1319 2589 Suevorum,
1379 2524 1588 2594 quando
1639 2542 1757 2574 cum
1805 2541 1927 2590 rege

74 2594 267 2646 foedus
316 2595 543 2661 inibant,
588 2603 647 2645 ut
691 2613 851 2663 supra
889 2594 1090 2645 dictum
1136 2601 1238 2659 est,
1288 2595 1525 2645 Saxones
1574 2593 1925 2657 offendissent,

80 2664 255 2716 adhuc
280 2664 500 2716 forsitan
535 2684 632 2716 rex
667 2665 848 2733 copias
888 2671 1070 2715 contra
1099 2662 1387 2715 Saxoniam
1413 2682 1518 2714 non
1543 2661 1771 2715 haberet.
1834 2660 1925 2712 Ille

76 2735 224 2786 enim
259 2753 291 2785 a
319 2734 637 2799 Saxonibus,
677 2752 901 2803 quorum
939 2732 1239 2784 confidebat
1275 2732 1473 2784 auxilio
1512 2733 1774 2800 decethS,
1813 2730 1926 2798 regi

76 2804 349 2873 quomodo
398 2812 607 2873 poterat
648 2803 1039 2868 reconciliatur,
1097 2810 1148 2853 et
1193 2803 1242 2854 ei
1287 2803 1488 2872 primus
1539 2819 1591 2852 se
1647 2819 1767 2852 cum
1817 2799 1924 2850 suis

79 2874 325 2926 omnibus
374 2873 612 2926 Saxones
657 2872 913 2925 hostiliter
949 2874 1256 2923 invasurum
1302 2871 1593 2942 pollicetur.
1669 2869 1773 2921 Sed
1811 2868 1923 2934 hoc,

77 2951 142 2995 ut
177 2943 305 3009 dixi,
342 2952 462 3013 post
497 2962 692 2995 annum
728 2943 818 2995 fiet
854 2944 1133 3010 integrum.

220 3015 304 3067 36.
374 3015 581 3066 Interea
617 3013 790 3064 missis
827 3030 951 3064 vero
988 3013 1044 3062 in
1081 3029 1258 3062 omnes
1298 3011 1708 3078 circumquaque
1746 3014 1925 3076 gentes

81 3081 291 3152 legatiS,
331 3083 602 3149 donando,
640 3083 842 3133 maiora
876 3080 1255 3151 promittendO,
1294 3088 1509 3131 cunctos
1547 3078 1590 3129 si
1628 3084 1803 3146 posset
1838 3075 1927 3126 ho-

79 3153 249 3205 mines
301 3152 605 3205 Saxonibus
649 3151 818 3203 voluit
860 3152 1036 3203 hostes
1084 3149 1318 3213 efficere,
1377 3149 1498 3218 quia
1544 3165 1649 3198 non
1695 3156 1801 3198 tam
1839 3161 1925 3195 eos

77 3240 210 3274 suae
247 3225 508 3292 potestati,
547 3221 688 3291 quod
725 3220 913 3273 leviter
947 3220 1096 3272 fieret
1132 3220 1242 3270 sine
1278 3217 1429 3283 belle,
1467 3215 1719 3279 subicere,
1769 3231 1926 3292 quam

18 3290 20 3294 ’
77 3292 318 3344 funditus
384 3293 450 3345 ab
498 3293 771 3343 hominum
833 3307 1051 3342 numero
1105 3288 1390 3358 quaerebat
1451 3285 1695 3336 adimere.
1786 3283 1926 3334 Duci

77 3414 122 3457 a)
151 3417 349 3448 diruerunt
377 3417 409 3448 1.
508 3413 546 3455 b)
576 3423 615 3446 se
641 3423 713 3446 nee
741 3413 930 3446 Christum
959 3415 990 3444 1.
