2204 3765
579 117 777 160 BRUNO
811 121 891 160 DE
924 123 1119 165 BELLO
1154 125 1460 168 SAXONICO.
1886 144 1937 180 51

101 254 307 319 dicunt,
346 255 476 306 haec
515 256 591 306 ad
629 276 760 307 suae
787 257 1122 323 defensionis
1161 265 1453 317 audaciam
1480 275 1586 319 tam
1627 272 1940 338 issum-antia

101 342 263 392 quam
287 325 514 375 miserae
540 325 936 393 desperationis
962 331 1214 382 vecordia
1243 342 1538 401 coaptasse.
1576 338 1687 391 Nec
1714 344 1906 394 mirum
1931 366 1940 374 ·

99 411 213 444 mos
251 401 326 444 est
363 394 504 444 enim
540 395 891 462 reproborum
942 397 1001 448 ob
1050 417 1181 450 suae
1228 405 1501 470 nequitiae
1529 387 1941 472 protectionem}

101 462 400 514 consimiles
436 463 543 514 sibi
579 463 879 531 defendere,
920 468 1051 534 quia
1081 486 1190 534 pro
1230 471 1428 523 nichilo
1456 474 1646 525 habent
1673 479 1943 531 mendacii

91 531 455 600 perditionem
491 533 788 584 incurrere.
862 534 1007 584 Nam
1045 544 1104 586 ut
1141 538 1204 587 de
1241 540 1421 590 multis
1453 562 1645 610 pauca
1683 548 1941 613 dicanms,

97 602 219 669 quis
255 602 480 670 iqnorat
514 621 689 653 vocem
727 603 937 654 domini
975 623 1037 655 ac
1075 606 1364 659 salvatoris
1397 614 1568 662 nostri
1593 614 1715 664 Iesu
1747 615 1943 668 Christi

96 670 325 722 dicentis
362 672 423 721 in
461 671 779 741 euanquo:
821 673 917 723 ‘Tu
952 692 1003 724 es
1030 674 1234 741 Petrus,
1275 685 1322 727 et
1357 697 1520 746 super
1558 682 1696 733 lianc
1729 694 1937 752 petram

97 740 393 805 aedificabo
440 739 716 793 ecclesiam
761 760 949 806 meam,
1001 751 1047 792 et
1094 753 1281 811 portae
1330 749 1502 814 inferi
1550 770 1657 802 non
1704 772 1937 820 praeva-

94 809 274 860 lebunt
313 811 574 861 adversus
611 830 744 861 eam.
817 811 888 860 Et
925 812 1022 863 tibi
1059 814 1198 865 dabo
1247 814 1420 868 claves
1469 823 1626 887 reqni
1663 823 1938 889 coelorum,

93 887 140 931 et
191 879 545 948 quodcunque
595 879 854 949 liqaveris
904 899 1069 949 super
1114 891 1339 951 terram,
1390 889 1489 937 erit
1534 889 1760 957 liqatum
1798 901 1842 943 et
1882 895 1938 944 in

93 949 278 1015 coelis,
329 957 376 1000 et
424 950 781 1017 quodcunque
818 948 1038 1002 solveris
1085 971 1248 1020 super
1296 963 1523 1021 terram,
1577 961 1676 1008 erit
1713 961 1940 1013 solutum

93 1027 140 1071 et
184 1019 245 1070 in
297 1017 506 1070 coelis?
578 1019 863 1088 Numquid
913 1020 998 1071 hic
1047 1030 1171 1073 sunt
1216 1042 1365 1091 reyes
1416 1030 1636 1094 eoecepti,
1693 1039 1786 1079 aut
1835 1050 1937 1082 non

91 1095 220 1140 sunt
255 1088 320 1140 de
358 1088 544 1140 ovibus
581 1108 719 1158 quas
742 1088 904 1154 filius
929 1088 1036 1141 Dei
1073 1091 1220 1143 beato
1247 1093 1401 1145 Petro
1441 1098 1699 1147 commisit
1714 1099 1735 1146 :2
1792 1098 1938 1164 Que'S,

88 1177 239 1228 roqo,
277 1159 338 1209 in
378 1158 479 1209 lzac
516 1158 853 1210 universalih
894 1161 1229 1212 concessione
1267 1162 1484 1231 liqandi
1510 1173 1665 1232 atque
1703 1166 1941 1220 solvendi

91 1247 126 1279 a
160 1235 416 1297 potestate
452 1228 601 1279 Petri
637 1247 691 1279 se
729 1228 1002 1280 eaeclusum
1040 1247 1148 1280 esse
1196 1233 1483 1297 eoeistimat,
1533 1236 1644 1285 nisi
1663 1235 1814 1301 forte
1855 1240 1933 1288 in-

71 1299 224 1368 felioe
272 1297 378 1362 ille,
442 1299 538 1367 qui
585 1299 776 1367 iuqum
827 1298 1057 1350 Domini
1105 1308 1328 1367 portare
1376 1301 1574 1368 nolens,
1633 1305 1837 1357 diaboli
1884 1325 1937 1357 se

87 1369 282 1420 subicit
338 1369 505 1433 oneri,
567 1375 614 1419 et
667 1369 729 1418 in
783 1386 1006 1420 numero
1061 1371 1240 1420 ovium
1292 1370 1493 1424 Christi
1541 1391 1648 1425 esse
1695 1376 1937 1425 recusat?

91 1439 194 1493 Cui
229 1446 407 1488 tamen
447 1438 541 1489 hoc
581 1438 656 1488 ad
690 1438 942 1489 miseram
979 1438 1268 1491 libertatem
1294 1442 1510 1493 minime
1528 1443 1764 1512 proficit,
1805 1448 1936 1511 quia

73 1515 393 1578 potestatem
418 1507 567 1558 Petri
603 1508 872 1559 divinitus
910 1507 1015 1559 sibi
1052 1527 1354 1562 concessam
1394 1530 1428 1562 a
1466 1513 1698 1580 superba
1735 1516 1934 1566 cervice

84 1579 315 1643 esccutit‚·
373 1579 634 1644 quoniam
671 1586 874 1645 quanto
916 1597 1033 1629 eam
1072 1580 1294 1648 quisque
1322 1599 1429 1648 per
1475 1581 1752 1634 electionem
1774 1584 1932 1650 ferre

85 1649 333 1717 abneqat,
389 1653 537 1698 tanto
593 1647 790 1698 durius
841 1648 916 1699 ad
965 1648 1365 1701 damnationem
1416 1670 1572 1702 suam
1620 1653 1679 1702 in
1727 1653 1930 1704 iudicio

72 1726 279 1788 portat.
352 1716 516 1768 Hanc
553 1718 736 1786 itaque
777 1717 999 1768 divinae
1037 1717 1332 1770 voluntatis
1382 1721 1785 1786 institutionem,
1836 1723 1930 1773 lioc

69 1788 477 1855 firmamentum
545 1786 977 1854 dispensationis
1052 1787 1347 1853 ecclesiae,*
1422 1790 1516 1841 lzoc
1579 1790 1929 1860 privile-qiam

80 1860 266 1910 beatoc
301 1857 457 1907 Petro
497 1856 864 1924 apostolorum
902 1859 1161 1926 principi
1216 1857 1423 1909 coelesti
1470 1861 1672 1912 decreto
1715 1863 1926 1928 princi-

70 1928 282 1998 paliter
317 1927 581 1978 traditum
619 1934 776 1997 atque
798 1927 1100 1994 firmatum,
1137 1930 1314 1979 sancti
1341 1936 1532 1996 patres
1571 1949 1690 1981 cum
1725 1949 1930 1999 magna

78 1998 424 2050 veneratione
461 1998 810 2065 suscipientes
848 2005 1006 2065 atque
1033 2005 1323 2063 servantes,
1360 2006 1603 2050 sanctam
1626 2000 1930 2050 Romanam

79 2068 354 2121 ecclesiam
390 2074 499 2118 tam
526 2068 584 2117 in
612 2066 958 2136 ‘qeneralibus
987 2067 1246 2133 conciliiS,
1288 2087 1449 2136 quam
1474 2070 1631 2120 etiam
1656 2070 1716 2119 in
1744 2070 1928 2120 ceteris

79 2139 299 2207 scriptis
350 2145 396 2189 et
443 2138 606 2207 qestis
651 2138 765 2188 suis
813 2137 1173 2189 universalem
1216 2145 1438 2189 matrem
1487 2137 1894 2206 appellaverunt
1907 2157 1926 2203 ,·

77 2216 124 2261 et
160 2210 299 2259 sic-ut
336 2208 453 2258 eius
491 2207 811 2258 documenta
847 2208 909 2258 in
949 2207 1351 2274 confirmatione
1377 2207 1517 2274 fidei
1553 2216 1597 2257 et
1627 2208 1926 2259 eruditione

76 2296 268 2330 sacrae
321 2275 621 2347 reliqioni8‚
682 2279 764 2328 ‘ita
818 2279 978 2329 etiam
1032 2277 1247 2329 iudicia
1302 2285 1664 2346 susceperunt,
1721 2279 1777 2328 in
1832 2278 1926 2328 hoc

77 2349 460 2401 consentientes
486 2354 533 2399 et
559 2348 721 2415 quasi
759 2366 869 2398 uno
907 2348 1109 2416 spiritu
1147 2355 1193 2398 et
1229 2366 1340 2399 una
1379 2365 1500 2399 voce
1527 2348 1924 2411 concordantes,

77 2437 255 2470 omnes
290 2419 518 2468 maiores
563 2436 648 2468 res
694 2424 741 2468 et
779 2418 1097 2485 praecipua
1145 2418 1377 2486 neqotia,
1435 2435 1641 2469 necnon
1691 2418 1925 2468 omnium

73 2487 420 2541 ecclesiarum
455 2486 685 2552 iudicia,
727 2487 802 2537 ad
838 2506 954 2539 eam
991 2487 1153 2555 quasi
1191 2487 1265 2537 ad
1299 2493 1521 2538 matrem
1559 2494 1604 2537 et
1641 2493 1805 2554 caput
1841 2485 1923 2535 de-

75 2558 192 2611 bere
239 2557 438 2625 referri
449 2576 469 2623 ,·
527 2557 593 2608 ab
649 2575 713 2607 ea
769 2575 1041 2625 nusquam
1097 2555 1388 2625 appellari,
1450 2556 1662 2607 iudicia
1718 2556 1832 2605 eius
1888 2573 1922 2604 a

73 2630 284 2681 nemine
309 2628 602 2680 retractari
640 2635 736 2677 aut
759 2627 937 2695 refelli
974 2626 1157 2678 debere
1197 2633 1292 2677 aut
1306 2643 1483 2693 posse.
1556 2625 1703 2676 Unde
1741 2624 1922 2674 beatus

77 2697 330 2750 Gelasius
357 2716 522 2766 papa
548 2697 845 2748 Anastasio
884 2697 1204 2764 imperatori
1229 2695 1481 2759 scribens,
1521 2695 1714 2745 divina
1736 2693 1920 2761 fultus

74 2769 408 2831 auctoritate,
449 2768 583 2837 quid
609 2774 656 2817 et
682 2764 915 2835 qualiter
948 2766 1011 2817 de
1028 2767 1358 2834 principatu
1395 2771 1613 2815 sanctae
1639 2771 1684 2814 et
1711 2769 1916 2830 aposto-

71 2838 207 2891 licae
246 2837 389 2890 sedis
427 2838 624 2888 sentire
663 2836 885 2901 deberet,
935 2837 1030 2888 hoc
1065 2836 1220 2887 modo
1259 2853 1374 2886 eum
1413 2834 1709 2884 instrum&
1766 2832 1917 2895 ‘Etsi,

69 2909 267 2977 inquit,
317 2909 524 2959 cunctis
570 2905 898 2976 ¹qeneraliter
947 2904 1315 2957 sacerdotibus
1365 2910 1500 2955 recte
1546 2902 1737 2954 divina
1775 2909 1914 2951 trac-

69 2978 335 3042 tantibus,
385 2977 638 3044 fidelium
689 2977 937 3028 convenit
981 2973 1121 3027 colla
1171 2974 1434 3037 submitti,
1491 2980 1690 3040 quanto
1732 2972 1916 3039 potius

70 3048 212 3100 sedis
249 3047 402 3100 illius
430 3045 686 3116 praesuli
713 3064 1004 3097 consensus
1031 3053 1104 3096 est
1131 3043 1484 3107 adhibendus,
1525 3059 1674 3109 quem
1713 3041 1917 3091 cunctis

68 3117 439 3170 sacerdotibus
478 3124 526 3166 et
563 3116 829 3168 divinitas
868 3133 1079 3165 summa
1115 3113 1283 3165 voluit
1309 3113 1673 3180 praeminere,
1713 3117 1758 3160 et
1794 3108 1912 3159 sub-

67 3208 290 3260 sequens
329 3186 580 3239 ecclesiae
630 3184 901 3253 generalis
948 3185 1150 3253 iuqiter
1187 3185 1369 3251 pietas
1416 3178 1732 3231 celebravit.2
1815 3177 1918 3228 Ubi

59 3261 364 3328 prudentia
399 3264 497 3307 tua
528 3256 800 3307 evidenter
826 3254 1071 3319 advertit,
1110 3270 1403 3320 numquam
1440 3247 1667 3318 quolibet
1695 3249 1915 3315 penitus

67 3330 304 3382 humano
343 3327 565 3379 consilio
617 3342 851 3393 aequare
899 3342 952 3375 se
999 3340 1317 3390 quemquam
1355 3337 1515 3387 posse
1560 3317 1709 3368 illius
1738 3315 1912 3383 privi-

68 3451 106 3494 a)
135 3454 206 3486 niti
233 3453 314 3485 add.
341 3454 425 3492 Req.
452 3452 528 3484 rell.
632 3448 671 3490 b)
698 3450 881 3482 universa
910 3451 943 3481 1.
1047 3444 1079 3485 c)
1109 3445 1200 3476 deest
1229 3446 1258 3474 1.

1462 3501 1536 3552 4:ss

1964 293 2067 326 1081.

1976 697 2094 731 buath.

1962 748 2092 785 16,18.

1948 1799 2002 1843 *μ
2025 1804 2107 1836 357.

1938 2714 1987 2744 ep.
2008 2707 2065 2736 10.
