2204 3765
217 77 278 115 VI
676 73 874 113 BRUNO
909 71 988 111 DE
1023 71 1220 112 BELLO
1255 71 1567 113 SAXONICO.

209 215 369 282 parti
424 212 675 263 addictus
734 212 820 261 veli·
880 229 941 259 ac
998 226 1062 260 ne
1117 209 1211 258 vioe
1267 209 1478 277 quidem
1529 213 1762 278 reperiri
1807 215 2065 279 potuerit,

218 292 264 335 et
303 289 478 333 noster
516 280 711 331 scelera
752 279 815 329 ab
857 278 1114 329 Heinrico
1154 278 1376 327 ¹iuvene¹
1405 287 1727 346 perpetrata
1774 280 1853 333 vel
1904 300 1938 332 a
1959 280 2061 349 fa-

219 351 525 404 miliaribus
564 351 677 399 eius
716 366 766 398 se
806 349 1071 414 accepisse
1100 345 1442 414 profiteatur.
1517 347 1767 400 Heinrici
1814 369 1898 402 res
1945 369 2063 402 cum.

224 421 480 488 Gregorio
533 418 643 467 1271.
699 417 921 466 nonnisi
958 423 1218 484 quantum
1269 416 1342 467 ad
1379 414 1568 466 bellum
1605 416 1942 470 Samonicum
1962 420 2063 487 fa-

219 490 428 541 ciebant
466 489 658 554 attigyit,
708 493 754 536 et
791 504 1050 536 summum
1079 485 1389 552 pontificem
1422 487 1643 552 patriae
1678 505 1882 555 semper
1912 496 2061 555 post·

222 559 422 609 habuit.
499 555 704 605 Bellum
763 556 933 623 igitur
988 554 1155 619 civile,
1211 554 1367 621 qitale
1422 554 1662 605 nondum
1717 558 2064 624 compositum

220 629 440 678 Saronu
453 645 498 675 m
519 625 862 691 principibus
890 625 1170 692 apparuit,
1211 624 1401 675 Bruno
1440 624 1777 675 scribendum
1815 625 1918 677 sibi
1938 645 2064 694 pro-

211 698 412 765 posuit.
486 695 697 743 Eminet
744 692 874 744 liber
911 694 1238 744 documentis
1291 693 1611 744 authenticis
1647 695 1880 758 insertis,
1929 697 2063 747 scri-

217 766 376 817 bendi
433 764 637 813 ratione
696 763 895 826 vivida,
953 762 1274 830 aliquotiens
1316 762 1508 830 faceta
1562 770 1609 813 et
1653 764 1888 829 iocosa²‚
1944 763 2064 816 stilo

216 833 466 901 simplici,
505 833 778 883 sententiis
816 832 1059 900 rhythmo
1099 832 1331 900 quodam
1358 833 1632 899 praeditis
1670 839 1715 883 et
1752 833 1904 884 haud
1933 852 2064 885 raro

220 908 274 955 in
313 902 517 954 eosdem
555 919 712 951 sonos
750 901 1078 966 eoeeuntibus,
1129 909 1175 950 et
1219 900 1339 952 licet
1382 901 1641 952 adversae
1676 903 1858 970 partis
1893 904 2063 972 scrip-

217 972 422 1025 toribus
460 971 785 1022 Eklcelzardo
836 971 1200 1039 U7·au5]iensi3
1239 979 1285 1020 et
1323 969 1450 1021 aliis
1488 973 1704 1023 minime
1727 971 1940 1039 placere
1958 990 2060 1040 po·

216 1046 391 1107 tuerit,
432 1040 584 1108 apud
613 1047 855 1107 posteros
893 1048 1068 1090 tamen
1107 1040 1258 1091 haud
1291 1058 1472 1107 parva
1501 1043 1816 1092 auctoritate
1841 1044 2065 1111 qavisus

216 1131 322 1164 esse
364 1112 588 1174 videtur,
627 1129 789 1178 quum
826 1111 1066 1160 maoeima
1104 1110 1218 1160 eius
1249 1129 1391 1177 pars
1431 1110 1641 1161 saeculo
1680 1111 1802 1161 XII.
1842 1118 2062 1163 exeunte

218 1183 282 1233 ab
322 1180 619 1232 Annalista
660 1178 893 1244 Saoeone,
943 1187 989 1230 et
1033 1178 1241 1230 saeculo
1280 1179 1424 1230 XVI.
1463 1181 1679 1231 ineunte
1730 1180 1794 1231 ab
1848 1187 2064 1232 auctore

216 1252 460 1304 chronici
486 1248 967 1318 Maydeburgyensis
1000 1249 1364 1315 transscripta
1401 1250 1483 1300 sit.
1557 1249 1665 1301 Sed
1691 1269 1833 1301 unus
1858 1257 2066 1302 tantum

215 1323 341 1373 libri
377 1320 541 1371 codes:
579 1325 738 1383 enotat)
789 1319 849 1368 in
887 1319 1209 1369 monasterio
1262 1318 1453 1369 Veteris
1495 1317 1664 1370 Cellae
1701 1319 1911 1371 saeculo
1948 1319 2064 1372 XV.

215 1398 434 1443 exeunte
471 1395 745 1452 exaratus,
792 1388 932 1438 unde
980 1388 1240 1438 editiones
1276 1387 1629 1453 Freheriana,
1678 1388 1983 1440 Struviana
2022 1397 2068 1440 et

216 1468 400 1512 nostra
421 1459 725 1527 fluxerunt.
800 1457 1064 1507 Servatur
1103 1456 1256 1507 hodie

357 1529 413 1593 1)
452 1530 512 1578 in
551 1526 864 1578 bibliotheca
901 1527 1273 1576 universitatis
1299 1527 1485 1594 re9iae
1510 1526 1815 1594 Lipsiensis
1842 1546 2063 1580 numero

219 1599 366 1650 13:23.
421 1597 683 1665 insiqnis,
743 1597 1058 1646 chartaceus
1114 1596 1172 1646 in
1220 1596 1305 1646 4⁰.
1336 1595 1464 1664 foll.
1512 1596 1683 1647 2—55
1732 1597 2063 1663 Brunonem,

213 1668 325 1730 foll.
352 1666 591 1718 ἅδ’-66.
630 1665 894 1733 quaedam
927 1683 991 1716 eoe
1016 1663 1240 1715 Platina
1268 1667 1646 1733 transscripta,
1668 1665 1795 1734 foll.
1823 1667 2062 1719 66‘—73.

217 1744 466 1805 eoecerpta
502 1755 565 1787 esc
601 1735 927 1787 Ehkehardo
978 1735 1311 1803 Urauyiensi
1348 1736 1668 1803 complexus,
1708 1737 1810 1787 hac
1848 1738 2063 1806 epiqra-

209 1808 357 1876 pha:
414 1806 555 1857 Finit
611 1805 674 1856 de
729 1803 867 1857 bello
925 1803 1188 1856 Saxonieo
1248 1846 1258 1856 .
1319 1812 1370 1856 et
1418 1804 1521 1856 fine
1572 1805 1790 1856 Henrici
1839 1806 2063 1875 quarti.

222 1879 297 1928 19.
327 1874 443 1926 Iulii
471 1875 612 1925 Anni
654 1874 799 1924 1500.
838 1893 933 1943 per
969 1876 1183 1925 fratrem
1209 1873 1279 1924 M.
1309 1872 1362 1924 S.
1390 1874 1541 1925 Tunc
1567 1874 1813 1944 priorem.
1879 1874 2065 1927 Gratia

214 1947 348 1997 Deo.
420 1944 549 1997 Foll.
579 1944 797 1996 74—83.
839 1945 983 1995 alius
1021 1945 1184 1995 codem
1222 1944 1478 2013 leyendas
1517 1945 1578 1996 de
1618 1945 1673 1996 S.
1701 1944 1939 1997 Antonio
1978 1964 2063 1997 em-

213 2017 364 2067 hibet.
440 2014 689 2082 Scriptor
725 2013 905 2065 multis
945 2014 1276 2081 compendiis
1315 2033 1461 2079 usus,
1502 2022 1700 2065 temtum
1748 2016 1806 2066 in
1845 2017 2061 2066 univer-

212 2105 329 2136 sum
368 2086 575 2155 qualem
612 2092 887 2151 repererat
909 2083 1148 2150 fideliter
1185 2091 1231 2135 et
1257 2092 1504 2136 accurate
1531 2091 1757 2149 secutus,
1797 2084 2065 2136 nonnulla

214 2164 388 2206 tamen
415 2155 564 2206 haud
603 2155 727 2205 bene
764 2153 1080 2205 intellexisse
1117 2160 1163 2203 et
1200 2155 1259 2204 in
1282 2152 1488 2220 formis
1528 2155 1805 2205 nominum
1838 2156 2061 2222 propri-

215 2244 366 2276 orum
415 2243 571 2275 suum
619 2225 806 2292 potius
860 2231 1064 2291 tempus
1115 2224 1438 2291 eoepressisse
1490 2225 1714 2276 videtur.
1812 2225 2063 2292 Cupitum

214 2296 433 2346 initium
470 2294 645 2344 littera
684 2293 854 2344 rubra
891 2294 1118 2344 indicat.

355 2363 448 2429 lb)
502 2362 805 2416 Chronicon
844 2363 1324 2431 M'aydeburqense,
1377 2364 1532 2414 cuius
1585 2363 1750 2414 codeae
1799 2365 1860 2414 in
1905 2381 2059 2415 mem-

212 2434 391 2484 brana
428 2435 660 2500 scriptus
700 2451 846 2483 anno
893 2432 1037 2484 1600.
1086 2451 1120 2483 a
1160 2432 1501 2499 IVIarquardo
1541 2433 1769 2484 Frehero
1817 2434 1890 2484 ad
1927 2433 2060 2485 Mei-

211 2504 437 2554 bomium
475 2503 863 2554 transmissus4
899 2510 946 2552 et
974 2510 1167 2569 postea
1207 2503 1363 2553 Tomo
1395 2503 1468 2552 II.
1509 2501 1609 2556 SS.
1651 2501 1824 2554 Germ.
1864 2503 2058 2555 Meibo-

213 2574 309 2624 mii
357 2573 502 2642 typis
552 2572 833 2640 evulqatus
879 2579 967 2636 est,
1021 2573 1203 2623 omnia
1253 2590 1392 2639 quae
1439 2573 1567 2623 inde
1619 2592 1653 2623 a
1681 2573 1904 2641 payina
1940 2572 2057 2624 288.

217 2660 377 2711 usque
417 2642 490 2693 ad
517 2660 577 2709 p.
619 2641 734 2693 319.
779 2641 1048 2710 leyuntur,
1079 2649 1302 2708 praeter
1337 2641 1401 2692 21
1449 2641 1624 2692 lineas
1653 2643 1904 2710 paginae
1940 2641 2059 2693 313.

212 2719 258 2762 et
306 2719 410 2761 tres
458 2711 630 2762 lineas
676 2713 922 2779 paqinae
961 2712 1079 2776 314,
1129 2730 1193 2763 esc
1244 2711 1513 2779 capitibus
1550 2711 1834 2762 Brunonis
1874 2711 2058 2763 1-41.

211 2780 434 2831 44—47.
471 2779 691 2831 52-58.
731 2779 951 2832 60—65.
991 2780 1071 2832 68.
1111 2779 1366 2832 74—102.
1408 2780 1521 2830 117.
1563 2780 1850 2831 121—131.
1895 2780 2054 2832 docu-

213 2851 400 2900 mentis
454 2850 650 2901 scilicet
695 2850 953 2918 plurimis
1000 2851 1419 2919 praetermissis,
1465 2851 1674 2917 petivit.
1757 2851 1949 2902 Teoetus
1997 2853 2058 2904 in

215 2920 451 2969 minimis
496 2921 655 2970 etiam
703 2927 811 2970 tam
851 2938 1036 2988 presse
1084 2921 1157 2971 ad
1192 2919 1463 2971 lectionem
1499 2919 1700 2971 codicis
1738 2921 1782 2970 1.
1836 2920 2056 2987 accedit,

215 2995 271 3037 ut
309 3007 415 3039 non
454 3006 517 3039 ess
554 3007 609 3040 eo
651 2990 862 3058 quidem
899 2990 992 3040 sed
1017 3008 1082 3041 eoe
1109 2990 1375 3041 communi
1408 3008 1526 3040 cum
1562 3007 1618 3040 eo
1640 2988 1800 3057 fonte
1821 2989 2057 3058 flumisse

218 3128 262 3182 1)
297 3130 547 3171 Brunonem
579 3131 701 3171 initio
734 3133 874 3185 operis
907 3133 960 3173 de
993 3132 1146 3174 iuvene
1179 3132 1385 3174 Heinrico
1419 3132 1602 3174 scribere
1626 3138 1752 3185 patet
1762 3147 1776 3181 ;
1810 3133 1927 3174 unde
1948 3147 2056 3174 non-

213 3191 338 3230 nulla
387 3205 414 3230 a
468 3191 514 3233 V.
566 3190 622 3232 C'l.
675 3191 846 3233 Stenzel
899 3193 945 3234 T.
994 3193 1068 3244 II,
1120 3193 1312 3234 55—66.
1361 3194 1407 3235 in
1455 3207 1550 3233 eum
1596 3193 1761 3234 monita
1808 3193 2056 3235 diluuntur.

215 3251 261 3301 2)
295 3265 329 3292 e.
360 3266 401 3304 9.
437 3266 531 3304 cap.
569 3253 637 3292 75.
676 3254 743 3293 77.
773 3254 843 3293 83.
878 3254 950 3293 96.
1077 3254 1123 3306 3)
1147 3255 1437 3296 Ekkehardus
1457 3260 1652 3294 nostrum
1678 3254 1847 3296 novisse
1869 3254 2054 3306 videtur,

213 3311 289 3352 sed
337 3312 382 3351 in
430 3311 627 3353 chronico
668 3327 745 3353 suo
787 3328 828 3354 a.
875 3314 1186 3357 1068—1080.
1232 3330 1299 3357 res
1340 3316 1597 3368 plerumque
1645 3314 1843 3357 diversas
1891 3314 2054 3356 scribit.

214 3371 264 3424 4)
309 3371 354 3413 V.
390 3372 608 3413 Meibomii
641 3374 821 3414 iunioris
849 3374 1185 3428 praefationem.
