2204 3765
523 110 724 151 BRUNO
758 112 839 151 DE
874 113 1072 156 BELLO
1108 115 1422 159 SAXOMCO.
1830 130 1882 167 77

48 251 187 302 triae
224 249 476 312 incurrit,
524 255 570 299 et
609 249 750 316 quod
788 249 970 301 beatus
1011 251 1325 321 Greqorius,
1365 256 1548 308 doctor
1584 269 1801 310 sanctus
1840 273 1883 313 et

48 317 409 382 humillimus,
471 334 620 385 reyes
677 317 906 368 decrevit
956 339 989 369 a
1037 325 1151 372 suis
1201 324 1561 391 de'qnitatibus
1608 329 1794 377 cadere
1840 341 1883 381 et

39 388 476 456 participatione
531 387 780 453 corporis
837 395 880 436 et
938 393 1230 457 sanguinis
1282 394 1488 444 domini
1550 398 1718 444 nostri
1769 399 1881 449 Iesu

53 456 257 510 Christi
306 474 505 520 carere,
562 456 612 505 si
657 467 1067 522 praesumerent
1120 461 1446 526 apostolicae
1503 464 1641 514 sedis
1679 466 1883 517 decreta

47 533 434 592 contempnere.
509 523 573 576 Si
619 525 759 575 enim
812 525 1051 576 coelestia
1099 537 1144 578 et
1190 531 1506 595 spiritualia
1558 533 1704 582 sedes
1752 534 1888 585 beati

47 595 194 646 Petri
231 594 387 646 solvit
423 602 470 646 et
506 593 733 658 iudicat,
774 603 974 662 quanto
1010 599 1187 664 maqis
1224 607 1433 649 terrena
1473 610 1518 651 et
1544 603 1887 653 saecularia?

47 663 214 716 Scitis
261 671 453 728 autem,
489 662 702 730 fratres
750 665 1038 729 carissimi,
1101 670 1229 733 quia.
1280 686 1344 717 eac
1393 690 1492 737 quo
1548 679 1775 737 tempore.
1824 674 1886 724 ab

58 733 192 785 Urbe
218 734 499 797 eaeivimus,
536 734 597 784 in
633 751 832 800 maqno
851 733 1099 800 periculo
1129 737 1266 786 inter
1291 738 1535 790 inimicos
1561 741 1888 793 christianae

33 803 176 870 fidei
234 804 549 867 mansimus,
610 809 656 852 et
715 809 891 852 tamen
955 812 1172 854 neutroa
1220 807 1623 873 praedictorum
1689 830 1887 877 requm,

47 890 216 941 neque
252 880 452 924 terrore
490 890 657 939 neque
705 890 884 922 amore
905 872 1062 940 fleoei,
1119 874 1342 942 aliquod
1390 887 1576 929 contra.
1627 880 1886 931 iustitiam

48 942 385 994 adiutorium
425 941 796 1008 promisimus.
871 942 1058 1010 spsaqis
1107 945 1243 995 enim
1285 945 1525 997 volumus
1566 956 1788 1011 mortem,
1840 951 1887 1000 si

45 1019 267 1079 oportet,
307 1011 506 1075 subire,
545 1029 705 1079 quam
735 1012 981 1077 propria
1020 1012 1287 1064 voluntate
1325 1016 1534 1079 devicti,
1579 1026 1630 1066 ut
1668 1019 1884 1069 ecclesia

45 1082 154 1132 Dei
193 1081 267 1132 ad
313 1079 682 1148 confusionem
720 1081 901 1131 veniat
939 1085 1251 1133 consentire.
1324 1084 1412 1134 Ad
1457 1085 1549 1136 lioc
1602 1089 1734 1137 enim
1792 1106 1883 1138 nos

46 1151 330 1203 ordinatos
368 1158 415 1200 et
455 1151 509 1199 in.
539 1148 839 1217 apostolica
872 1150 989 1200 sede
1018 1154 1327 1203 constitutos
1367 1172 1474 1205 esse
1501 1158 1882 1223 coqnoscimus,

42 1228 102 1272 ut
150 1221 211 1271 in
263 1220 392 1270 hac*
438 1220 551 1269 vita
606 1237 713 1269 non
766 1237 902 1287 quae
953 1228 1155 1285 nostra,
1212 1222 1304 1272 sed
1351 1242 1485 1291 quae
1522 1225 1639 1274 Iesu
1687 1225 1885 1276 (s'leristi

44 1298 185 1355 sunt,
240 1307 584 1358 quaeramus,
640 1296 686 1339 et
735 1307 840 1356 per
882 1289 1073 1340 multos
1129 1289 1334 1342 labores
1383 1301 1601 1358 patrum
1661 1297 1885 1361 ‘vestissz'a

43 1367 332 1429 sequentes,
383 1359 458 1410 ad
485 1358 747 1426 futuram
794 1366 841 1408 et
879 1367 1152 1410 aeternam.
1192 1363 1407 1429 quietem
1452 1363 1564 1414 Deo
1602 1373 1886 1415 miserante

41 1430 324 1482 tendamus
341 1430 379 1482 ¹³.

187 1498 302 1550 107.
374 1497 624 1566 Acceptis
662 1497 743 1548 his
769 1497 970 1564 litteris,
1004 1497 1377 1550 Bernhardusc
1415 1500 1707 1564 cardinalis,
1747 1502 1887 1570 quod

44 1567 149 1619 sibi
172 1568 469 1618 iniunctum
498 1577 592 1632 est,
632 1568 925 1636 exequitur.
999 1567 1072 1619 At
1097 1577 1354 1619 nostrates
1381 1587 1499 1620 cum
1525 1571 1666 1639 ipsas
1692 1570 1886 1622 litteras

42 1638 391 1706 accepissent,
430 1656 462 1688 a
486 1654 679 1705 magna
715 1656 808 1706 spe
837 1645 1007 1707 quam'
1021 1638 1075 1688 in
1102 1637 1390 1707 apostolica
1416 1650 1564 1708 petra
1590 1649 1885 1708 posuerant,

43 1708 374 1773 exciderunt,
425 1708 550 1776 quia
596 1708 743 1777 prius
784 1706 989 1759 coelum
1026 1717 1163 1759 stare
1199 1707 1284 1758 vel
1329 1718 1521 1760 terram
1559 1709 1888 1761 crediderant

44 1776 179 1830 coeli
214 1776 373 1828 modo
410 1780 628 1843 moveri,
667 1794 828 1847 quam
866 1777 1169 1828 cathedram
1197 1778 1339 1828 Petri
1375 1779 1612 1830 amittere
1652 1787 1886 1830 constan-

42 1848 170 1899 tiam
218 1848 378 1898 Petri.
453 1847 565 1898 Has
612 1865 736 1916 ergo
791 1845 989 1899 litteras
1044 1848 1091 1898 ei
1139 1848 1468 1913 remiserunt,
1530 1848 1719 1917 quibus
1769 1867 1887 1899 eum

42 1916 282 1982 ancillae,
331 1917 621 1986 praesentis
661 1915 862 1968 scilicet
896 1918 1053 1982 vitae,
1103 1918 1439 1986 perterritum
1487 1919 1687 1980 timore,
1740 1919 1888 1987 quasi

41 2005 177 2039 voce
212 1985 339 2056 galli
377 1985 650 2039 clamantis
675 1987 926 2052 excitare,
965 1996 1017 2038 et
1040 1996 1287 2056 respectu
1313 1986 1505 2039 Christi
1543 1987 1888 2038 confortatum

42 2057 113 2108 ad
148 2057 400 2126 pristinae
435 2057 684 2109 virtutem
723 2057 1049 2109 constantiae
1086 2075 1334 2108 revocare
1371 2056 1669 2109 voluerunt:

186 2127 302 2179 108.
374 2127 587 2179 Domno
637 2127 927 2196 apostolico
967 2135 1013 2178 et
1054 2127 1348 2178 venerabili
1382 2147 1570 2196 papae
1611 2126 1886 2195 Greqorcb,

43 2197 185 2250 beati
209 2197 357 2249 Petri
367 2197 390 2229 ‘¹
402 2196 594 2264 fideles
622 2206 668 2249 et
693 2200 798 2262 sui,
825 2205 1034 2248 tantum
1060 2199 1330 2249 servitutis
1366 2205 1625 2265 quantum
1649 2198 1890 2264 oppressi

41 2266 237 2320 valent.
310 2267 517 2319 Multas
555 2270 665 2319 iam
702 2268 829 2318 huic
861 2276 1081 2319 sanctae
1119 2269 1234 2318 sedi
1262 2285 1370 2335 pro
1406 2267 1632 2318 diversis
1668 2265 1886 2317 calami-

39 2337 241 2390 tatibus
277 2338 478 2388 nostris
516 2339 886 2407 querimonias
924 2339 1285 2405 eoeposuimus.
1352 2336 1508 2395 Quod
1546 2343 1718 2386 autem
1762 2354 1888 2387 *non-

43 2408 173 2460 dum
211 2406 426 2475 aliquid
460 2409 703 2460 iustitiae
730 2407 809 2459 vel
834 2408 1217 2459 consolationis
1244 2411 1508 2457 consecuti
1546 2425 1742 2469 sumus,
1784 2423 1886 2455 non

43 2485 157 2529 tam
181 2484 384 2529 vestrae
420 2479 701 2528 sanctitati
726 2497 889 2547 quam
925 2479 1123 2529 nostris
1153 2478 1392 2545 peccatis
1420 2477 1760 2543 imputamus.
1824 2473 1889 2525 Si

41 2549 219 2617 igitur
255 2554 436 2599 nostro
474 2546 700 2600 consilio
737 2555 784 2598 et
810 2549 1052 2616 propria
1079 2546 1455 2597 deliberatione
1490 2563 1616 2608 rem,
1648 2562 1750 2612 pro
1778 2562 1887 2610 qua

43 2624 202 2669 tanta
225 2617 373 2668 mala
393 2636 489 2669 nos
510 2619 847 2682 invenerunt,
877 2618 1125 2687 aqqressi
1138 2616 1456 2685 fuissemus,
1483 2615 1659 2664 minus
1685 2613 1885 2664 moleste

28 2688 328 2756 ferendum
363 2695 514 2753 esset,
560 2689 610 2738 si.
659 2687 734 2738 ad
769 2687 1191 2739 succurrendum
1237 2685 1390 2736 nobis
1425 2691 1598 2735 vestra
1641 2683 1884 2751 gravitas

43 2776 96 2809 se
131 2757 350 2808 tardius
387 2760 630 2826 eriqeret.
685 2758 847 2808 Nunc
885 2765 1060 2807 autem
1099 2757 1374 2806 sarcinam
1412 2753 1560 2804 illam
1588 2771 1746 2821 quam
1772 2751 1885 2801 sola

42 2834 219 2878 vestra
259 2830 575 2880 auctoritate
600 2828 810 2879 iubente
837 2827 1181 2894 suscepimus,
1219 2824 1400 2875 eadem
1431 2841 1631 2891 quoque
1669 2840 1885 2871 manum

45 2905 379 2964 supponente
414 2897 649 2967 leviqari
695 2898 947 2966 oportuit.
1024 2897 1187 2947 Testis
1236 2901 1309 2944 est
1364 2890 1670 2944 eoecellentia
1712 2897 1886 2941 vestra

44 2974 92 3018 et
145 2967 352 3018 litte-rae
405 2975 635 3032 vestrae,
697 2985 834 3037 quas
886 2968 945 3017 in
1001 2965 1359 3016 testimonium
1417 2961 1688 3024 habemuS,
1756 2961 1885 3027 quia

45 3046 243 3106 nequee
281 3037 509 3089 consilio
548 3045 729 3088 nostro
769 3056 862 3088 nec
889 3037 1046 3086 etiam
1073 3052 1181 3103 pro
1211 3051 1380 3083 causa
1418 3038 1620 3093 nostra,
1659 3029 1750 3080 sed
1783 3045 1885 3096 pro

43 3105 215 3158 illatis
242 3107 359 3158 sedi
385 3106 712 3174 apostolicae
736 3107 963 3158 iniuriis
987 3123 1161 3173 reqem
1190 3109 1425 3152 nostrum
1451 3107 1597 3168 reqia
1626 3099 1886 3167 dignitate

40 3177 323 3244 privastis,
344 3172 599 3246 nobisque
621 3177 864 3228 omnibus
884 3173 1112 3225 terribili
1134 3171 1579 3233 interminatione,
1607 3186 1667 3217 ne
1689 3170 1736 3218 ei
1755 3173 1886 3217 sicut

45 3247 167 3316 regi
202 3247 518 3312 serviamus,
555 3246 931 3309 interdixistis,
971 3251 1017 3293 et
1055 3260 1230 3294 omnes
1264 3241 1588 3291 christianos
1616 3256 1647 3286 a
1675 3235 1884 3287 vinculo

45 3316 364 3382 iuramenti,
405 3317 548 3386 quod
585 3317 635 3367 ei
655 3315 913 3382 fecerunt
950 3312 1026 3365 vel
1046 3312 1286 3379 facient,
1334 3307 1656 3371 absolvistis,
1696 3304 1885 3355 deinde

49 3435 87 3479 a.)
113 3439 240 3470 neutri
265 3440 307 3471 R.
385 3439 422 3480 b)
448 3440 550 3471 Data
577 3443 638 3470 etc.
666 3442 705 3469 ut
731 3447 844 3477 supra
871 3436 914 3467 B.
993 3434 1025 3475 c)
1054 3435 1098 3465 Β.
1129 3435 1160 3464 1.
1246 3431 1283 3472 (1)
1309 3431 1398 3462 deest
1429 3431 1461 3462 1.
1537 3428 1571 3468 e)
1602 3435 1669 3459 nec
1696 3435 1762 3466 pro
1790 3434 1819 3455 c.
1851 3425 1884 3454 2.

1906 282 2005 311 1015.

1905 1234 1958 1273 ’μ
1977 1235 2058 1268 371.
