2204 3765
154 258 259 290 1076.

174 1295 257 1329 Iun.

199 1345 256 1376 24.

80 3044 144 3085 *μ
175 3046 256 3078 363.

278 105 334 144 62
751 103 952 144 BRUNO
988 103 1070 142 DE
1104 102 1304 142 BELLO
1340 102 1659 143 SAXONICQ

279 245 425 295 cuius
453 243 784 296 extremitate
821 258 1019 310 paucas
1047 239 1204 291 urbes
1241 237 1487 290 habendo
1512 240 1607 289 vix
1631 238 1896 305 haerebat,
1936 240 2134 308 episco-

277 332 406 382 pum
425 311 792 364 Burchardum
822 308 1215 361 commendavit
1239 326 1467 377 eumque
1492 307 1732 374 multum,
1757 317 1816 360 ut
1843 326 2134 378 numquam

278 385 333 433 in
371 382 675 433 Teutonicis
713 379 908 430 finibus
946 378 1230 444 videretur,
1270 378 1594 444 obsecravit3
1635 377 1777 446 quod
1807 385 1859 428 et
1894 377 1980 430 ille
2017 395 2135 447 pro-

278 453 439 502 misit.
515 451 672 515 Quod
737 467 858 500 cum
924 449 1209 517 episcopus
1277 447 1679 516 praesensisset,
1746 448 1946 498 amicos
2003 465 2136 517 quos

278 520 510 572 habebat
545 519 620 570 ibi
658 537 884 588 paucos,
935 518 1143 586 paucis,
1194 519 1330 568 sicut
1376 523 1588 584 tempus
1635 515 1913 581 monebat,
1960 516 2138 569 verbis

279 589 565 653 allocutUS,
613 589 818 657 rogavit
856 605 1038 638 omnes
1076 604 1173 656 pro
1211 587 1316 637 Dei
1354 587 1592 651 nomine,
1640 594 1899 655 quatenus
1938 585 2004 639 de
2041 604 2140 638 sua

280 660 573 726 cogitarent
599 658 885 725 ereptione.
944 656 989 706 T
994 674 1095 707 unc
1126 654 1454 708 Othelricusa
1492 654 1708 724 quidam
1735 654 1872 707 dixit
1897 655 1961 722 ei,
1999 662 2138 707 stare

280 728 545 797 quandam
597 726 811 777 domum
853 726 1116 777 desertam
1167 743 1274 776 non
1318 725 1474 793 longe
1512 743 1543 775 a
1577 724 1779 789 littore,
1829 725 2138 794 monuitque

279 815 399 848 eum
425 804 484 847 ut
519 796 654 846 hanc
680 803 790 847 arte
818 793 1054 864 qualibet
1088 801 1372 862 temptaret
1407 796 1615 846 intrare.
1671 794 1974 864 Episcopus
2011 812 2139 862 ergo

279 875 482 918 tantum
523 883 640 916 cum
680 883 786 915 uno
824 863 1096 933 capellano
1134 865 1260 914 navi
1295 864 1600 932 impositus,
1640 882 1890 933 exregem
1927 863 2142 916 iubetur

279 935 604 1000 antecedere,
644 934 812 986 donee
838 934 952 1003 ipse
981 952 1101 985 011111
1141 950 1325 984 socero
1363 951 1588 1001 pransus
1615 952 1736 984 eum
1772 951 1893 984 cum
1930 933 2141 1003 gurgite

279 1023 494 1057 currens
521 1004 775 1057 velociter
799 1004 1123 1072 insequatur.
1184 1002 1402 1054 Leniter
1427 1020 1552 1072 ergo
1580 1001 1816 1055 defluens
1854 1004 2139 1072 episcopus

279 1094 384 1126 non
422 1076 478 1124 in
515 1092 759 1126 somnum
797 1073 1126 1138 dissolvitur,
1174 1090 1281 1124 non
1330 1073 1386 1123 in
1434 1073 1585 1124 vanis
1625 1072 2139 1125 confabulationibus
2203 1137 2204 1140 Ἴ

279 1152 587 1214 occupatur,
627 1144 721 1196 sed
747 1161 837 1195 cor
863 1162 984 1195 cum
1021 1151 1133 1194 tota
1158 1142 1441 1194 devotione
1468 1140 1609 1194 levat
1634 1142 1701 1194 ad
1726 1142 1920 1209 Deum,
1959 1140 2142 1194 oculos

278 1216 333 1265 in
388 1214 532 1266 littus
587 1221 730 1266 tenet
783 1215 1036 1278 intentos,
1094 1211 1261 1263 donec
1314 1219 1790 1280 praemonstratam
1841 1213 2139 1282 conspiciat

278 1285 510 1336 domum.
587 1284 707 1350 Qua
772 1283 890 1334 visa
949 1290 1103 1350 rogat
1156 1289 1372 1347 nautas,
1439 1290 1498 1332 ut
1552 1283 1607 1332 in
1661 1281 1803 1333 littus
1861 1300 1916 1333 se
1970 1279 2140 1335 velint

276 1373 561 1423 exponere,
600 1362 859 1423 quatenus
886 1361 1124 1403 ventrem
1148 1349 1374 1403 levando
1400 1350 1667 1419 persolvat
1692 1351 1872 1403 debita
1899 1360 2138 1403 naturae.

274 1423 358 1475 Illi
395 1422 467 1474 nil
495 1425 839 1493 suspicantes,
877 1423 933 1471 in
969 1421 1223 1472 miserum
1260 1421 1627 1472 misericordes
1662 1421 1892 1487 fuerunt,
1930 1428 1981 1472 et
2017 1438 2140 1473 eum

277 1492 552 1562 capellano
603 1493 795 1545 comite
845 1492 991 1543 exire
1040 1491 1410 1560 permiserunt.
1485 1490 1628 1555 Quid
1667 1509 1867 1558 moror,
1922 1509 2046 1542 cum
2081 1491 2138 1542 in

275 1562 363 1614 illo
412 1581 615 1614 moram
666 1561 865 1613 nullam
914 1560 1158 1612 intueor?
1230 1560 1555 1612 Removetur
1602 1578 1634 1610 a
1684 1559 1859 1613 littore
1912 1560 2141 1630 longiUS,

275 1633 560 1702 nautisque
586 1652 652 1685 ne
677 1631 886 1700 longius
912 1631 1084 1683 abiret
1110 1628 1475 1696 clamantibUS,
1514 1631 1909 1700 appropinquat
1939 1630 2139 1695 domui,

274 1702 565 1771 leniterque
631 1701 847 1771 pulsans
912 1700 1196 1770 Deumque
1258 1699 1572 1769 suppliciter
1638 1700 1919 1767 invocans,
1977 1698 2139 1752 dixit:

278 1773 502 1842 ‘Aperil’
577 1772 884 1841 Numquam
947 1770 1083 1821 dixit
1148 1788 1246 1821 nec
1307 1770 1544 1821 dicturus
1602 1778 1681 1821 est
1745 1788 1865 1821 cum
1936 1770 2136 1821 maiore

277 1843 557 1894 devotione
596 1841 800 1908 cordis,
849 1841 1062 1909 ‘Aperi⁷,
1112 1841 1214 1891 nisi
1262 1840 1306 1890 si
1345 1840 1637 1909 speraverit
1679 1840 1781 1892 sibi
1821 1839 2140 1909 quandoque

274 1913 489 1964 ianuam
534 1912 687 1981 regni
734 1910 974 1963 coelestis
1024 1911 1234 1978 aperiri.
1311 1908 1610 1961 Othelricus
1657 1910 1854 1979 paratis
1891 1909 2043 1979 equis
2087 1917 2140 1961 et

276 1982 430 2034 sociis
488 1982 801 2051 episcopum
859 1981 1118 2049 suscepit,
1185 1988 1235 2032 et
1295 1979 1379 2030 die
1436 1980 1738 2048 quiescens,
1799 1988 1954 2031 nocte
2009 1996 2135 2030 vero

274 2051 554 2118 festinanS,
604 2070 727 2102 eum
764 2051 869 2102 Dei
917 2049 1279 2101 misericordia
1326 2051 1612 2101 comitante
1655 2050 1709 2100 in
1757 2048 2135 2102 Halberstedib

274 2121 541 2192 perduxit.
599 2123 811 2186 Quanta
836 2119 1187 2190 gratulatione
1225 2119 1386 2171 totius
1424 2118 1609 2189 populi
1645 2119 1832 2171 fuisset
1866 2126 2134 2188 accethS,

275 2210 425 2243 meus
463 2191 626 2243 hebes
663 2209 771 2242 non
807 2189 947 2242 valet
984 2189 1251 2258 explicare
1289 2188 1455 2241 stilus,
1511 2189 1690 2240 Etiam
1718 2190 1810 2259 qui
1837 2207 1958 2240 eum
1985 2189 2135 2258 prius

278 2262 399 2313 odio
425 2261 742 2325 habuerunt,
779 2261 834 2311 in
861 2278 1141 2311 occursum
1167 2258 1292 2311 laeti
1318 2258 1719 2328 gaudentesque
1747 2266 2134 2310 cucurrerunt0.

416 2332 499 2383 84.
560 2331 836 2400 Principes
864 2348 990 2398 ergo
1016 2330 1182 2380 nostri
1208 2329 1431 2380 diversis
1458 2328 1526 2380 ab
1561 2328 1730 2381 exiliis
1758 2346 1940 2381 omnes
1966 2345 2136 2396 paene

277 2399 432 2452 simul
457 2401 512 2450 in
536 2401 764 2469 patriam
790 2399 1007 2464 reversi,
1032 2417 1282 2467 magnam
1307 2398 1388 2449 his
1417 2400 1509 2468 qui
1534 2398 1679 2451 domi
1706 2407 1855 2450 erant
1879 2398 2138 2450 dederunt

276 2471 554 2522 materiam
591 2469 789 2538 gaudii,
829 2478 880 2521 et
916 2468 1201 2520 multorum
1235 2487 1291 2520 os
1330 2477 1651 2536 aperuerunt
1685 2469 1741 2520 in
1776 2467 1986 2520 laudem
2013 2467 2136 2519 Dei.

275 2542 604 2593 Invenerunt
653 2541 793 2591 enim
841 2547 1007 2592 totam
1055 2557 1224 2608 paene
1273 2538 1484 2607 plebem
1534 2547 1938 2607 congregatam,
1989 2537 2138 2606 exigi

276 2611 474 2662 tributa
535 2628 565 2660 a
628 2609 861 2682 praediis
928 2610 1036 2660 suis
1099 2608 1480 2678 persolvenda,
1545 2609 1653 2659 iam
1719 2607 1977 2660 libertatis
2043 2626 2139 2677 spe

276 2679 582 2732 retinendae
621 2680 885 2749 deposita,
932 2696 1067 2748 quae
1104 2678 1375 2731 iuberetur
1411 2686 1603 2730 cuncta
1637 2678 1909 2730 facturam.
1983 2676 2138 2729 Heri-

277 2768 503 2801 mannus
567 2757 771 2816 autem,
836 2757 1055 2817 patruus
1109 2749 1293 2816 Magni
1359 2749 1533 2814 (111010,
1591 2756 1643 2800 01
1696 2747 2013 2799 Thiedricus
2069 2747 2136 2799 de

276 2818 718 2887 Kathalanburgd
747 2851 805 2858 —
837 2819 890 2870 hi
927 2836 1158 2888 namque
1194 2819 1342 2886 prius
1368 2817 1638 2887 aliquanto
1666 2817 1852 2868 ceteris
1878 2824 2139 2868 venerunt

279 2922 343 2927 —
382 2889 759 2958 obstupefactis
799 2888 1044 2940 omnibus
1093 2889 1547 2940 exclamaverunt:
1615 2886 1836 2953 ‘Nolite',
1876 2887 2129 2953 (11οο11100,

280 2959 486 3026 ‘optimi
514 2958 770 3025 Saxones,
807 2956 966 3009 nolite
994 2959 1261 3010 servitutis
1298 2958 1426 3025 iuga
1461 2958 1715 3026 recipere,
1759 2955 1953 3008 nolitee
1991 2955 2137 3008 here-

278 3027 497 3080 ditatem
533 3036 764 3079 vestram
801 3028 1165 3079 tributariam*
1210 3028 1408 3092 facere,
1459 3026 1619 3079 nolite
1662 3027 1727 3078 de
1769 3024 2138 3078 misericordia

277 3097 383 3149 Dei
431 3097 739 3165 desperare!
812 3097 956 3149 Ecce
1006 3115 1125 3163 1100,
1179 3098 1269 3166 qui
1306 3097 1468 3149 vestri
1519 3114 1678 3148 causa
1724 3113 1821 3148 nos
1867 3096 1922 3147 in
1971 3095 2133 3165 capti-

277 3167 494 3218 vitatem
533 3166 792 3231 dedimus,
831 3167 935 3218 Dei
975 3166 1269 3233 clementia,
1315 3165 1403 3217 illo
1444 3167 1534 3236 qui
1569 3185 1665 3218 nos
1703 3165 1917 3218 tenebat
1951 3165 2134 3232 invito,

275 3236 533 3301 redimus,
581 3254 677 3306 pro
717 3237 868 3288 vobis
920 3245 971 3288 et
1018 3239 1204 3289 vestris
1251 3237 1539 3305 pugnaturi
1591 3235 1847 3306 quamdiu
1888 3235 2130 3286 vivimus.

276 3306 481 3374 Erigite
519 3324 643 3375 ergo
685 3306 945 3358 cervicem
983 3307 1107 3374 iugo
1147 3306 1411 3358 servitutis
1451 3324 1678 3357 excusso
1709 3304 1947 3371 liberam,
1983 3322 2132 3355 num-

277 3421 312 3450 a)
343 3411 542 3443 odelricus
573 3413 604 3441 2.
707 3411 745 3451 b)
774 3412 1059 3443 Halbcrstatedi
1089 3414 1127 3450 13
1155 3411 1385 3443 Halberstad
1414 3412 1447 3443 2.
1551 3410 1585 3451 e)
1614 3414 1655 3442 ut
1683 3413 1954 3442 concurrerent
1980 3409 2131 3451 (mutata

228 3464 232 3467 '
275 3461 468 3491 sententiae
487 3459 629 3500 forma)
660 3461 690 3492 2.
793 3459 830 3500 d)
860 3461 1120 3492 Katelenburh
1151 3462 1181 3493 2.
1287 3460 1322 3502 e)
1352 3461 1470 3492 nolite
1503 3479 1542 3483 —
1571 3461 1700 3493 faeere
1728 3460 1853 3491 desum
1882 3462 1914 3491 1.
1946 3453 2001 3489 lb.
