2204 3765
555 98 752 138 BRUNO
786 99 864 139 DE
898 101 1091 142 BELLO
1127 104 1432 146 SAXONICO.
1858 118 1908 153 41

70 241 264 355 pacata.
300 241 594 302 regeretur,
642 235 756 303 ipse
803 236 857 285 in
902 254 1080 288 eorum
1118 238 1293 290 locum
1331 253 1562 309 poneret.
1639 246 1740 298 Sed
1781 254 1915 302 roo-js
1937 267 2041 300 1076,

91 310 274 372 egatos
312 304 379 355 ad
404 303 751 371 apostolicum
777 303 918 355 fama
942 318 1314 373 praecesserat,
1355 312 1504 379 eique
1533 315 1717 365 scriem
1746 292 1916 369 rei-iim

70 380 338 442 gestarum
377 380 541 424 totam
566 372 826 424 veraciter
851 374 1190 426 indicaverat.
1247 377 1391 428 Misit
1419 398 1542 448 ergo
1570 385 1678 450 regi
1707 384 1898 437 littera>-

72 442 266 512 quibus
304 460 423 492 eum
462 440 527 491 de
566 440 743 493 multis
780 440 895 492 aliis
933 443 1244 495 criminibus
1282 447 1563 514 arguebat,
1622 460 1670 502 ct
1721 463 1776 504 ut
1813 429 1918 523 epil

71 528 263 579 scopos
300 528 331 561 a
369 511 672 579 captivitate
711 510 972 577 dimissos,
1013 513 1250 564 ecclesiis
1277 513 1534 586 bonisque
1573 521 1681 570 suis
1721 523 1918 592 integre

67 580 352 646 restitutis,
401 580 689 631 remitteret
736 580 942 646 orabat,
1000 590 1050 632 ct
1087 591 1208 650 post
1244 582 1370 634 haec
1411 586 1723 639 conciliuma
1769 592 1820 641 111
1859 612 1918 644 eo

67 647 185 701 loco
225 667 327 718 quo
365 649 548 701 venire
584 658 765 718 posset
800 649 1121 718 apostolicus
1161 663 1520 721 congregaret,
1560 658 1648 708 ubi
1685 661 1918 730 episcopi

67 717 178 784 vel,
227 719 271 770 si
310 717 459 787 digni
497 726 686 779 essent,
726 718 1079 788 episcopalem
1126 722 1409 789 perderent
1446 724 1781 794 dignitatem,
1837 731 1917 781 vel

68 788 381 839 iniuriarum
452 805 583 856 quas
648 796 798 839 erant
860 789 1004 857 passi
1062 791 1366 842 canonicam
1425 796 1717 863 reciperent
1771 801 1916 850 satis-

67 856 364 908 factionem.
441 856 602 923 Quod
649 857 694 908 si
738 858 794 908 in
839 857 920 909 his
969 860 1130 910 sacris
1180 861 1466 913 canonibus
1524 864 1776 919 noluisset
1824 888 1915 918 rex

69 925 321 979 obediens
368 928 595 978 existere
646 934 697 978 et
746 928 1233 995 excommunicatos
1271 947 1301 979 a
1338 933 1585 984 societate
1625 953 1718 985 sua
1756 937 1917 1006 repel-

65 994 196 1062 lere,
247 1014 302 1048 36
350 1014 471 1048 eum
509 994 652 1048 velut
696 1004 851 1064 putre
902 997 1199 1049 membrum
1246 999 1590 1053 anathematis
1636 1004 1811 1072 gladio
1850 1006 1916 1057 ab

67 1065 270 1118 unitate
319 1073 531 1118 sanctae
569 1067 751 1117 matris
790 1065 1043 1118 ecclesiae
1081 1067 1381 1119 minabatur
1417 1070 1736 1124 abscindere.
1800 1074 1918 1138 Qua

64 1133 326 1204 legatione
353 1143 613 1204 suscepta,
652 1143 704 1187 et
728 1135 1062 1188 venientibus
1089 1138 1196 1187 suis
1225 1156 1356 1206 quos
1395 1140 1607 1191 miserat
1633 1144 1918 1210 apostolico

67 1206 391 1272 confirmata,
429 1205 592 1257 tristis
629 1204 786 1256 valde
824 1205 937 1271 fuit,
978 1207 1102 1274 quia
1127 1207 1182 1257 in
1208 1206 1496 1275 apostolica
1522 1210 1776 1277 dignitate
1815 1231 1918 1262 ma-

64 1273 207 1327 litiae
247 1292 387 1339 suae,
429 1276 564 1326 sicut
602 1274 899 1344 sperabatb,
938 1274 1194 1326 auxilium
1233 1294 1339 1327 non
1374 1278 1587 1330 invenit.

205 1345 287 1400 65.
363 1345 481 1396 Rex
516 1345 681 1413 igitur
718 1362 841 1395 cum
880 1345 988 1395 suis
1028 1344 1395 1414 deceptoribus
1433 1366 1538 1398 una
1571 1348 1918 1401 wormatiam

65 1414 233 1480 venit,
283 1422 334 1466 et
380 1432 501 1465 cum
546 1413 768 1483 singulis
806 1413 924 1464 velc
971 1413 1110 1466 binis
1150 1415 1427 1466 consilium
1474 1417 1646 1484 inivit,
1699 1419 1919 1487 qualiter

66 1483 282 1553 dignam
331 1485 507 1537 vicem
562 1483 910 1553 rependeretd
967 1482 1040 1534 illi
1099 1484 1467 1552 contumeliae,
1525 1505 1681 1556 quam
1738 1507 1917 1540 01111163

64 1553 341 1606 audierant
389 1554 688 1605 Romanum
734 1552 1041 1622 pontificem
1089 1553 1191 1605 sibi
1241 1554 1453 1622 fecisse,
1503 1558 1643 1626 quod
1695 1576 1812 1609 611111
1863 1577 1917 1610 36

62 1623 293 1675 mina-tus
331 1624 398 1676 sit
435 1624 1037 1689 excommunicaturum,
1084 1641 1205 1674 cum
1244 1624 1345 1676 tale
1386 1625 1511 1694 quid
1550 1628 1752 1678 cunctis
1791 1636 1915 1679 tcm-

62 1693 284 1763 poribus
321 1694 505 1745 fuisset
540 1693 850 1745 inauditum,
927 1691 1169 1763 Cumque
1209 1693 1372 1745 multa
1408 1694 1583 1747 multis
1620 1696 1789 1747 modis
1827 1697 1916 1748 diu

61 1762 375 1829 volutarent,
413 1764 627 1816 tandem
654 1762 971 1832 quibusdam
998 1781 1179 1815 eorum
1212 1763 1425 1832 placuit,
1465 1774 1521 1816 ut
1547 1766 1915 1835 episcoporum

65 1832 286 1885 concilio
335 1833 473 1885 facto
519 1850 717 1903 papam
768 1833 919 1902 quasi
967 1833 1316 1884 simoniacum
1356 1836 1622 1885 communi
1661 1853 1915 1886 consensu

63 1903 361 1968 damnaret,
412 1921 579 1973 eoque
628 1902 869 1972 deposito
885 1943 896 1968 ,
947 1921 1044 1954 rex
1093 1904 1148 1954 in
1195 1901 1312 1954 1060
1351 1904 1463 1954 61113
1503 1923 1667 1954 unum
1705 1904 1768 1955 de
1808 1906 1915 1954 suis

62 1973 247 2025 amicis
275 1975 630 2039 constitueret,
671 1973 761 2042 qui
789 1972 965 2023 omnia
1003 1990 1138 2042 quae
1170 1974 1284 2042 regi
1309 1973 1529 2025 fuissent
1566 1973 1773 2042 placita,
1811 1982 1918 2025 tota

61 2042 331 2096 voluntate
386 2043 676 2113 perficeret.
755 2042 871 2093 Hoc
926 2042 1088 2111 igitur
1140 2043 1270 2094 inito
1329 2042 1742 2112 confirmatoque
1799 2061 1916 2094 con-

65 2111 180 2165 silio
230 2113 355 2164 fecit
404 2131 584 2165 omnes
636 2130 759 2164 31103
809 2113 1089 2181 episcopos
1141 2113 1450 2178 convenire,
1508 2121 1558 2164 et
1608 2114 1782 2181 coegit
1827 2130 1915 2164 eos

61 2181 455 2249 Hildebrando,
501 2183 590 2253 qui
628 2183 898 2233 Romanus
937 2181 1182 2251 pontifex
1219 2189 1498 2234 vocaretur
1537 2188 1588 2233 et
1624 2201 1728 2233 non
1766 2191 1915 2247 esset,

61 2251 444 2304 subiectionem
471 2261 523 2304 et
548 2250 904 2304 obedientiam
929 2251 1271 2319 interdicere3
1311 2261 1361 2304 et
1384 2252 1484 2303 hoc
1512 2260 1569 2303 ut
1602 2260 1720 2321 post
1745 2251 1916 2302 nullus

63 2340 247 2375 eorum
292 2330 472 2392 posset
516 2340 739 2391 negare,
795 2321 919 2373 fecit
967 2340 1132 2372 unum
1181 2340 1442 2390 quemque
1481 2340 1660 2373 eorum
1707 2322 1916 2373 nomine

62 2410 156 2445 suo
220 2399 529 2462 praenotato
594 2410 757 2443 manu
819 2393 1037 2461 propria
1094 2391 1500 2460 abnegationem
1553 2390 1915 2443 Hildebrando

63 2461 259 2514 chartis
296 2460 519 2531 singulis
556 2462 846 2514 inscribere
883 2460 983 2512 hoc
1029 2460 1214 2512 modo:
1264 2463 1382 2530 Eyo
1431 2462 1527 2511 N.e
1567 2463 1800 2512 civitatis
1844 2461 1914 2510 N.

62 2534 347 2601 episcopus
386 2533 765 2584 Isildebrando
805 2532 1178 2583 subiectionem
1223 2540 1269 2581 et
1312 2532 1662 2582 obedientiam
1707 2549 1771 2582 eae
1815 2531 1914 2580 hac

63 2602 201 2654 hora
237 2610 283 2654 et
321 2602 569 2670 deinceps
607 2602 894 2667 interdico,
932 2609 978 2652 et
1015 2620 1132 2652 eum
1161 2602 1392 2668 posthac
1434 2599 1785 2668 apostolicwn
1823 2617 1914 2649 nee

64 2672 262 2724 habebo
301 2691 396 2723 nec
434 2674 647 2724 vocabo.
713 2670 871 2736 Quod
899 2669 1113 2739 quidem
1150 2670 1306 2738 pauci
1343 2669 1581 2720 fecerunt
1617 2687 1683 2719 ex
1721 2668 1911 2731 animo,

63 2741 155 2811 qui
181 2748 233 2793 et
257 2749 496 2793 auctores
522 2741 626 2810 ipsi
660 2741 806 2793 fuere
835 2738 1077 2806 consilio,
1116 2739 1292 2808 plures
1318 2757 1441 2790 vero
1477 2738 1674 2790 litteras
1702 2736 1913 2806 quidem

62 2812 544 2863 abrenunciationis
593 2811 777 2863 mortis
827 2811 1016 2862 timore
1062 2811 1410 2878 scripserunt,
1467 2807 1557 2859 sed
1612 2807 1802 2857 invitos
1859 2825 1913 2856 se

60 2880 250 2933 fecisse
301 2900 396 2950 per
441 2880 543 2932 hoc
595 2880 958 2944 ostenderunt,
1017 2880 1140 2948 quia
1188 2897 1307 2930 cum
1358 2878 1588 2947 primum
1639 2875 1790 2926 datur
1838 2876 1913 2926 eis

64 2952 407 3020 oportunitaS,
447 2949 736 3019 apostolico
776 2948 1042 3019 supplices
1082 2948 1425 3000 confessionis
1461 2945 1656 2998 litteras
1683 2944 1916 3012 dirigunt

64 3027 116 3072 et
169 3038 224 3072 se
277 3038 397 3072 reos
452 3023 501 3071 ei
554 3027 873 3088 agnoscunt,
938 3018 1031 3070 sed
1096 3019 1533 3086 expurgationem
1588 3014 1913 3066 necessitatis

65 3089 373 3142 obtendunt.
436 3090 646 3142 Deinde
672 3107 767 3160 per
793 3096 956 3140 totam
993 3086 1201 3139 Italiam
1239 3087 1384 3137 misit
1410 3083 1672 3154 epistolas,
1712 3082 1914 3151 magnis

64 3159 217 3211 donis
268 3167 319 3211 et
361 3159 653 3211 maioribus
703 3159 976 3229 promissis
1026 3156 1163 3208 illius
1213 3165 1381 3208 terrae
1432 3154 1700 3223 principes
1746 3153 1800 3202 in
1842 3150 1913 3201 fa·

63 3247 245 3282 vorem
313 3248 438 3282 suae
505 3230 669 3299 partis
733 3228 1008 3279 inclinans.
1100 3226 1286 3295 Itaque
1340 3223 1623 3276 nostratesf
1680 3220 1912 3291 episcopi

67 3371 105 3415 a)
132 3374 167 3407 h.
204 3374 245 3406 in
286 3383 392 3407 conc.
433 3375 464 3405 1.
564 3371 603 3414 b)
633 3376 804 3413 sperarat
830 3372 863 3404 2.
968 3370 1000 3413 c)
1038 3371 1089 3401 ica
1124 3371 1164 3410 2;
1204 3369 1282 3400 illis
1313 3370 1345 3400 1.
1386 3363 1443 3398 lb.
1550 3363 1586 3404 d)
1616 3365 1664 3395 ita
1704 3363 1776 3394 edd.
1807 3365 1911 3399 recte,-

61 3423 266 3463 repelleret
295 3426 326 3457 1.
428 3423 463 3464 e)
494 3423 596 3454 enim
625 3424 657 3455 1.
760 3421 790 3462 f)
819 3422 1021 3454 Teutonici
1049 3420 1081 3452 2.
