2204 3765
590 119 790 158 BRUNO
822 120 904 159 DE
939 121 1135 163 BELLO
1171 123 1485 166 SAXONICO.
1891 134 1946 174 85

114 258 298 309 eadem
344 257 590 308 iniuriae
646 258 789 307 ratio
834 256 984 337 fuit,
1032 278 1143 326 pro
1191 261 1498 328 defensione
1554 264 1796 315 ccclesiae
1850 271 2070 324 sibixow.

113 327 423 378 commissae
462 326 813 394 praedictum
858 345 1062 391 virum,
1113 331 1208 395 qui
1249 332 1628 397 parochianus
1679 332 1824 384 illius
1861 346 1949 400 est,

111 396 346 447 tradidit
390 397 654 446 sathanae
704 395 761 444 in
808 395 1082 445 interitum
1132 400 1318 448 carnis
1365 418 1476 449 cum
1530 402 1795 452 vuniversis
1840 408 1951 455 suis

113 465 475 534 complicibus.
543 465 671 515 Item
719 463 944 514 domnus
983 467 1266 532 episcopus
1314 467 1766 536 Usircebuiyensis
1799 491 1952 537 prae·

114 542 256 585 sente
302 542 348 585 et
398 541 717 602 cooperante
755 533 899 582 sedis
948 533 1274 603 apostolicae
1323 535 1494 604 leyato
1544 538 1732 589 domno
1784 541 1950 590 Bern-

114 604 287 655 hardo
329 622 504 654 omnes
543 602 663 654 illos
704 602 1193 666 anathematizavit,
1233 607 1325 671 qui
1363 613 1484 655 actu,
1527 606 1599 656 rel
1637 609 1856 659 consitio
1899 612 1948 659 in

111 674 208 724 hoc
252 672 546 740 culpabiles
595 674 908 735 eoetiterunt,
959 672 1102 740 quod
1150 671 1232 722 ille
1271 693 1303 722 a.
1342 693 1444 724 sua
1492 677 1609 726 sede
1649 678 1954 743 prohibitus

112 749 200 793 est.
263 741 430 794 Cuius
461 741 848 810 prohibitionis
888 748 1075 791 auctor
1115 760 1219 793 non
1257 745 1491 794 incertus
1528 753 1600 795 est
1612 764 1629 810 ,·
1669 748 1762 813 qui
1799 750 1954 799 aiam

111 813 174 864 ‘in
212 812 445 863 eiusdem
485 811 627 862 sedis
664 811 903 873 civitate,
957 812 1013 859 in
1053 829 1162 878 qua
1209 831 1380 879 paene
1426 832 1570 863 nemo
1610 834 1715 865 non
1754 835 1951 866 ercomo

111 884 422 933 municatus
450 880 994 949 est,frequentissime
1013 888 1271 931 moratur.
1313 883 1446 932 Ecce
1469 885 1676 934 (iiidice-it
1697 888 1954 935 sanctitas

113 958 318 1013 vestra,
364 969 525 1019 quam
576 949 756 1001 multis
801 949 973 999 modis
1012 951 1096 999 >cir
1132 948 1219 1000 ille
1258 971 1373 1002 cum
1412 953 1526 1002 suis
1564 953 1850 1005 damnatus
1888 957 1956 1005 sit

113 1028 159 1072 et
196 1038 314 1072 vere
354 1019 723 1071 damnandus.
785 1018 1064 1086 Royamus
1104 1037 1229 1087 erqo
1273 1039 1358 1070 cos
1387 1039 1490 1088 per
1528 1041 1713 1073 vnomen
1751 1024 1957 1074 domini

112 1091 287 1142 nostri
322 1090 445 1141 Iesu
485 1089 687 1141 Christi
723 1095 769 1139 et
796 1106 902 1155 per
938 1106 1054 1139 eum
1080 1091 1236 1139 cuius
1267 1091 1423 1140 vicem
1453 1093 1633 1158 assitis,
1674 1100 1727 1141 ut
1764 1095 1810 1141 si
1850 1096 1955 1143 iani

101 1159 343 1229 prolatis
389 1162 449 1211 in
497 1159 701 1210 eosdem
749 1157 988 1209 homines
1031 1160 1301 1208 sententiis
1348 1159 1558 1227 aliquid
1595 1162 1956 1228 superaddere

109 1231 475 1281 necessarium
512 1247 619 1279 non
645 1228 890 1296 putatis,
930 1227 1023 1278 hoc
1062 1235 1238 1278 tamen
1263 1228 1574 1294 firmissime
1608 1230 1956 1297 prohibeatis,

111 1318 177 1350 ne
226 1298 306 1349 vel
354 1300 415 1349 in
465 1299 566 1349 hac
622 1305 812 1348 sancta
867 1296 986 1348 sede
1042 1295 1116 1347 vel
1165 1297 1368 1349 alicubi
1416 1299 1490 1349 ad
1543 1301 1956 1350 communionem

110 1370 470 1437 recipiantur,
499 1370 831 1436 priusquam
858 1366 1094 1417 ecclesiis
1123 1385 1259 1434 quas
1295 1367 1566 1418 laeserunt
1592 1369 1955 1436 satisfaciant,

111 1458 177 1491 ne
214 1457 348 1508 yreae
374 1439 520 1490 vobis
558 1438 868 1489 commissus
908 1436 1142 1504 amplius
1177 1436 1242 1487 ab
1281 1438 1355 1487 eis
1390 1441 1777 1489 contaminetur
1814 1446 1859 1488 et
1897 1458 1956 1488 ne

100 1511 400 1577 pessimum
437 1507 576 1559 illud
597 1506 931 1575 fermentum
967 1513 1130 1557 totam
1167 1525 1398 1558 massam
1439 1515 1761 1574 corrumpat.

263 1578 378 1629 113.
472 1577 623 1627 Tunc
691 1575 758 1627 ab
820 1576 939 1644 ipsa
1006 1575 1209 1644 synodo
1282 1576 1338 1626 in
1402 1576 1715 1628 Teutonicas
1785 1585 1955 1645 partes

112 1647 405 1699 subiectam
461 1647 604 1698 misit
659 1645 996 1715 epistolam1:
1056 1645 1356 1715 Greyorius
1417 1649 1725 1714 episcopusa
1776 1666 1955 1698 servus

111 1736 385 1768 servorum
410 1717 534 1782 Dei,
576 1716 820 1768 omnibus
858 1715 1067 1767 clericis
1105 1723 1150 1767 et
1186 1716 1345 1766 iaicis
1383 1718 1443 1766 in
1481 1735 1644 1785 reyno
1675 1718 1954 1767 Teutonico

111 1789 436 1852 constitutis,
501 1789 596 1856 qui
656 1787 1223 1838 excommunicationis
1278 1785 1490 1836 vinculo
1542 1805 1646 1836 ‘non
1697 1794 1955 1851 tenentur,

111 1856 338 1908 salutem
363 1865 408 1906 et
436 1856 785 1924 apostolicam
824 1855 1253 1906 benedictionem.
1315 1854 1464 1914 Quae
1496 1863 1541 1906 et
1567 1863 1768 1924 quanta
1806 1855 1955 1905 nobis

111 1927 440 1995 curafuerit
465 1935 511 1978 et
536 1934 625 1990 est,
665 1934 722 1976 ut
747 1925 1080 1994 pestilentia,
1121 1925 1331 1976 cladesb
1370 1933 1415 1976 et
1452 1925 1705 1976 desolatio
1735 1944 1768 1975 a
1797 1943 1954 1993 7‘e9no

110 2005 279 2048 vestro
333 1996 646 2065 auferatur,
688 2014 814 2064 pasc
858 2002 936 2046 etc
984 1995 1230 2046 honestas
1269 2002 1315 2046 et
1362 1994 1571 2045 solitum
1620 1995 1776 2045 decus
1817 1995 1955 2045 robis

108 2067 388 2131 reddatur,
427 2068 485 2117 in
512 2066 715 2136 synodo
744 2084 881 2134 quae
909 2066 1003 2116 hoc
1038 2083 1184 2116 anno
1222 2067 1281 2116 in
1309 2064 1733 2132 quadragesima
1759 2064 1955 2114 Itoniae

111 2137 375 2189 celebrata
395 2136 543 2204 fuit,
591 2135 1002 2187 declaravimus.
1076 2134 1288 2185 Iudicio
1327 2136 1465 2186 enim
1503 2136 1677 2185 sancti
1714 2132 1954 2201 Spiritus

112 2207 442 2258 decrevimus
490 2214 536 2257 et
575 2207 986 2274 praecepimus,
1035 2213 1093 2256 ut
1130 2206 1189 2255 in
1226 2223 1389 2273 regno
1434 2211 1596 2254 uestro
1637 2202 1953 2254 cont-entusd

113 2279 349 2328 omnium
395 2279 770 2345 episcoporum
816 2283 860 2326 et
906 2275 1168 2326 laicorum
1218 2293 1398 2326 eorum
1436 2277 1528 2341 qui
1565 2275 1747 2324 timent
1784 2273 1954 2323 Deum

111 2355 157 2399 et
181 2349 324 2398 inter
348 2365 438 2398 vos
461 2366 649 2415 pacem
688 2346 1015 2409 desiderant,
1041 2344 1208 2411 fieret,
1247 2352 1292 2395 et
1327 2362 1506 2395 coram
1545 2344 1739 2393 nostris
1767 2341 1955 2410 Zeqatis

112 2418 498 2478 decerneretur,
539 2418 588 2468 si
625 2418 763 2480 cuie,
804 2416 1065 2466 Heinrico
1092 2414 1332 2465 videlicet
1368 2413 1445 2464 vel
1468 2411 1722 2480 Rodulfo,
1764 2413 1855 2480 qui
1891 2411 1952 2460 de

110 2489 270 2557 regni
294 2486 659 2556 ‘qubernaculo
686 2488 824 2537 inter
849 2503 901 2536 se
922 2485 1210 2550 decertant,
1239 2483 1474 2551 amplius
1500 2481 1951 2549 iustitiafaveret,

105 2557 376 2626 parsquef
413 2557 674 2608 iniustior
711 2557 921 2606 ratione
960 2555 1165 2606 devicta
1206 2561 1252 2604 et
1288 2554 1427 2604 beati
1455 2552 1602 2602 Petri
1641 2552 1952 2601 auctoritate

111 2628 418 2692 constricta,
440 2625 683 2695 facilius
720 2626 921 2676 cederet
957 2633 1005 2676 et
1042 2625 1105 2675 ab
1150 2623 1367 2675 interitu
1412 2623 1719 2672 animarum
1758 2627 1802 2669 et
1839 2637 1950 2669 cor-

102 2716 306 2767 porum
344 2697 460 2748 Deo
491 2697 832 2765 propitiante
870 2702 1113 2760 cessaret,
1158 2694 1353 2744 iustior
1389 2709 1508 2742 vero
1537 2708 1679 2758 pars
1719 2687 1951 2756 amplius

113 2768 177 2818 de
202 2767 316 2818 Deo
345 2766 649 2832 confideret,
683 2773 730 2815 et
756 2766 951 2817 adiuta
975 2765 1115 2815 beati
1138 2763 1283 2814 Petri
1309 2763 1624 2812 auctoritate
1649 2767 1695 2810 et
1721 2758 1952 2809 omnium

111 2837 378 2905 iustitiam
416 2836 758 2906 diligentium
786 2853 1061 2895 consensu,
1101 2833 1163 2884 de
1195 2833 1423 2883 victoria
1462 2830 1674 2881 omnino
1712 2833 1951 2895 speraret

113 2915 194 2959 etg
242 2914 490 2958 neutram
538 2913 755 2958 mortem
803 2906 1018 2956 timeret.
1093 2902 1201 2954 Sed
1250 2903 1381 2971 quia
1423 2900 1667 2968 peruenit
1717 2897 1788 2948 ad
1839 2913 1950 2959 ποθ,

113 2977 256 3046 quod
304 2977 519 3028 inimici
553 2977 661 3027 Dei
709 2982 756 3027 et
778 2974 895 3042 filii
941 2971 1147 3026 diaboli
1195 2971 1416 3040 quidam
1455 2969 1605 3036 apud
1645 2986 1729 3018 vos
1766 2973 1950 3017 contra

112 3111 151 3154 a)
178 3114 268 3144 deest
305 3114 339 3147 1.
377 3113 408 3143 2.
509 3110 548 3153 b)
587 3115 623 3143 et
662 3111 790 3142 clades
826 3110 869 3140 B.
973 3106 1006 3148 c)
1042 3110 1078 3138 et
1112 3116 1188 3146 pax
1222 3106 1267 3137 R.
1368 3104 1405 3144 d)
1432 3104 1521 3134 deest
1558 3102 1597 3139 2;
1637 3109 1734 3132 omn.
1773 3108 1878 3132 conv.
1920 3101 1950 3128 1.

112 3161 149 3204 e)
177 3163 210 3193 si
234 3161 282 3194 H.
310 3162 373 3193 vel
399 3161 442 3193 R.
471 3161 513 3193 R.
616 3159 644 3202 f)
673 3160 857 3192 Iniustior
883 3158 986 3190 enim
1012 3165 1099 3196 pars
1124 3156 1167 3188 B.
1269 3153 1307 3195 g)
1335 3162 1458 3191 neque
1485 3154 1682 3189 utramque
1708 3149 1749 3180 R.

116 3255 163 3308 1)
196 3255 253 3296 In
286 3255 465 3309 Reyesto
506 3253 707 3309 Gregorii
747 3252 854 3305 (VI,
892 3252 954 3302 1.)
999 3248 1165 3290 litterae
1207 3248 1315 3288 istae
1357 3246 1486 3286 datae
1524 3244 1728 3284 dicuntur
1774 3241 1949 3294 Capuae

114 3316 218 3358 Kal.
251 3316 355 3357 Iun.
386 3316 480 3357 ind.
517 3317 556 3357 1.
593 3314 771 3365 (1078.)
835 3312 886 3352 P.
952 3310 1088 3351 Immo
1121 3309 1208 3349 Iul.
1247 3314 1295 3346 ut
1337 3306 1466 3347 editio
1499 3304 1633 3357 Jaffe'i
1668 3318 1688 3344 e
1720 3303 1811 3343 cod.
1854 3300 1947 3339 Vat.

114 3378 345 3420 emendata
387 3377 524 3418 docet.
589 3375 703 3417 Sunt
745 3372 881 3428 igitur
922 3371 1095 3412 duabus
1128 3368 1355 3410 Saxonum
1387 3365 1598 3419 epistolis,
1639 3377 1748 3417 quae
1780 3376 1851 3403 eas
1884 3360 1950 3399 hic

103 3439 392 3493 praecedunt,
428 3436 707 3491 antiquiores,

1978 1594 2198 1627 1078.1uz.1
