2204 3765
265 88 323 128 34
740 85 941 125 BRUNO
975 84 1058 123 DE
1093 82 1291 122 BELLO
1328 83 1645 124 SAXONICO.

140 239 246 274 1075.
266 243 323 275 eo
345 223 488 292 quod
511 231 730 274 vocatur
754 222 1032 290 indignus,
1054 220 1569 289 devotosfraternae
1589 221 1859 272 servitutis
1882 217 2114 287 affectus.

272 292 529 352 Quamvis
568 310 625 344 eo
666 308 920 354 moerore,
961 307 1111 357 quem
1151 307 1289 340 nova
1326 288 1603 341 tribulatio
1679 289 1853 352 enuit,
1899 291 1977 338 ita
2013 289 2115 339 sim

260 362 485 431 plenus,
540 369 594 411 ut
646 363 699 410 in
746 358 1116 427 penetralibus
1173 358 1351 410 cordis
1395 359 1497 408 mei
1545 357 1727 408 nulus
1772 357 1872 409 ulli
1908 355 2115 425 gaudio

256 433 431 499 possit
472 431 707 481 inveniri
743 429 906 493 locus,
954 427 1337 479 consolationis
1374 434 1549 478 tamen
1576 434 1779 478 vestrae
1817 425 2024 476 litteras
2060 432 2119 476 ut

268 501 479 567 accepi,
532 517 637 550 non
680 516 884 567 parum
922 497 1178 547 lacrimas
1216 497 1470 549 moeroris
1507 496 1763 564 repressi,
1810 497 1942 563 quia
1982 512 2117 546 non-

267 569 473 619 nullum
511 567 739 619 lenimen
780 566 1004 618 dolorisa
1044 567 1220 631 babeo,
1263 586 1379 617 cum
1416 563 1496 616 vel
1534 583 1703 615 unum
1724 562 1963 632 fratrem
1985 561 2118 631 fra-

265 645 414 688 terno
453 637 631 688 dolore
672 637 843 687 dolere
886 635 1051 686 video.
1130 636 1276 686 Tunc
1315 642 1489 686 autem
1526 634 1696 686 solido
1734 632 1941 702 gaudio
1978 651 2116 702 qau-

267 707 467 770 derem,
507 708 554 756 si
594 723 680 756 vos
719 707 856 756 sicut
894 704 1292 756 tribulationem
1331 723 1492 773 quam
1536 721 1720 754 sumus
1757 703 1991 770 experti,
2040 703 2119 753 sic

269 777 631 825 innocentiam
672 781 909 825 nostram
947 773 1294 824 considerare
1337 774 1582 837 viderem,
1623 772 1698 823 vel
1736 773 1785 823 si
1817 770 2119 837 consilium,

266 843 410 911 quod
447 844 610 893 ‘michi
649 843 710 893 de
731 841 1007 910 facienda
1038 861 1178 910 pace
1218 845 1390 907 datis,
1430 850 1487 893 ut
1525 844 1649 909 ipsa
1689 859 1742 891 re
1766 840 1924 907 fieret
1962 839 2118 892 adiu-

270 931 394 963 vare
425 914 673 980 possetis.
741 912 805 962 Ut
843 914 981 962 enim
1011 931 1045 961 a
1085 931 1204 981 reqe
1232 921 1411 964 nostro
1439 913 1747 980 cunctisque
1776 911 1932 977 reqni
1956 911 2119 978 prin-

2192 397 2199 419 ὃ

2164 402 2202 893 Sfffoflff-'ffffi-QQIC3412*
2172 186 2197 323 ›L-›sz-*z

265 982 505 1049 cipibus,
542 984 874 1050 maximeque
914 981 977 1032 ab
1017 983 1283 1049 episcopis
1321 983 1519 1033 nostris
1558 980 1951 1049 confratribuS,
1995 980 2120 1047 iqni
2173 999 2201 1015 ··

248 1051 514 1120 ferroque
552 1058 697 1102 terra
738 1058 925 1102 nostra
968 1058 1285 1115 vastaretur,
1325 1052 1467 1121 quod
1506 1051 1704 1100 crimen
1738 1057 1976 1101 nostrum
2014 1045 2138 1112 talev
2189 1063 2201 1112 g

263 1120 587 1187 praecessit?
673 1120 753 1171 Vel
791 1122 838 1171 si
879 1119 1043 1170 ullum
1066 1120 1213 1188 fuit,
1268 1122 1324 1171 in
1363 1138 1463 1187 quo
1503 1118 1726 1171 concilio
1766 1119 2119 1182 sacerdotum,

269 1191 324 1240 in
377 1208 478 1258 quo
526 1189 756 1257 placitob
809 1191 1129 1257 principum
1193 1190 1525 1241 declaratum
1582 1188 1800 1256 patuit?
1886 1185 2119 1247 Quando

268 1261 471 1310 vocatic
521 1260 593 1310 ad
643 1259 1070 1326 satisfactionem
1121 1261 1298 1310 venire
1337 1257 1777 1326 contempsimus?
1840 1255 1890 1307 A
1927 1255 2122 1326 quibus

264 1330 510 1380 accusati
547 1327 625 1378 et‘¹
664 1330 893 1379 convicti
929 1327 1144 1378 sumus:2
1185 1329 1346 1379 Immo
1378 1335 1668 1396 postquam
1705 1327 1912 1378 domini
1949 1326 2125 1377 nostri

264 1399 407 1466 reqis
449 1399 615 1461 iram,
664 1396 781 1448 licet
818 1398 933 1447 sine
972 1415 1171 1462 causa,
1220 1399 1277 1447 in
1316 1415 1412 1449 nos
1450 1397 1717 1447 emarsisse
1756 1397 2121 1465 coqnovimus,

265 1465 510 1536 sinqulos
548 1468 860 1534 principes,
914 1467 1212 1517 sacerdotes
1262 1474 1308 1517 et
1356 1466 1552 1531 laicos,
1610 1467 1827 1533 scriptis
1878 1473 1925 1516 et
1962 1465 2120 1516 dictis

265 1535 587 1604 suppliciter
625 1539 928 1601 oravimus,
975 1543 1032 1586 ut
1069 1554 1249 1586 coram
1289 1536 1537 1588 veniendi
1574 1537 1787 1602 copiam
1823 1534 1975 1586 nobis
2020 1535 2119 1586 im-

255 1612 565 1673 petrarent,
624 1613 888 1673 quatenus
941 1613 1036 1655 aut
1087 1606 1370 1657 criminosi
1417 1607 1664 1673 ipsorum
1713 1604 1917 1655 iudicio
1967 1603 2118 1655 dam·

267 1693 539 1739 naremur,
581 1683 676 1724 aut
702 1676 817 1725 sine
845 1676 1069 1725 crimine
1097 1694 1215 1726 cum
1240 1694 1373 1743 pace
1411 1683 1456 1726 et
1481 1675 1666 1744 qratia
1703 1674 1913 1725 domini
1949 1673 2122 1724 nostri

265 1744 665 1795 dimitteremur.
745 1743 900 1803 Quod
947 1763 1066 1795 cum
1115 1745 1265 1795 nobis
1316 1745 1483 1796 nichil
1512 1744 1770 1812 prodesse
1807 1743 2122 1809 videremus,

268 1815 378 1882 ipsi
425 1813 639 1864 domino
690 1821 870 1864 nostro
919 1813 1238 1883 leqationem
1294 1816 1433 1865 sicut
1487 1812 1710 1864 humiles
1765 1813 1907 1864 servi
1960 1829 2122 1880 saepe

248 1883 517 1950 fecimus,
576 1882 944 1950 supplicantes
999 1890 1057 1933 ut
1110 1902 1204 1935 nos
1258 1883 1332 1934 vel
1381 1885 1442 1934 in
1490 1884 1711 1934 crimine
1767 1882 2121 1950 deprehensos

268 1952 470 2003 iudicio
501 1953 823 2020 principum
867 1952 1061 2021 palam
1113 1953 1422 2018 damnaret,
1474 1952 1554 2003 vel
1599 1953 1715 2003 sine
1765 1953 1987 2003 crimine
2036 1968 2117 2002 re-

259 2028 442 2089 pertos
481 2023 696 2090 qratiae
735 2039 865 2072 suae
903 2022 1185 2073 serenitate
1211 2024 1454 2074 donaret.
1516 2022 1637 2073 Hac
1663 2022 1838 2090 iqitur
1863 2021 1926 2072 de
1952 2019 2119 2089 culpa

263 2098 461 2141 terram
502 2098 742 2141 nostram
779 2109 969 2142 saevus
996 2099 1237 2143 vastator
1261 2094 1480 2156 invasit,
1518 2092 1642 2160 iqni
1649 2091 1915 2160 ferroque
1934 2107 2121 2159 paene

264 2160 524 2211 desertam
550 2161 806 2211 reddidit.
869 2159 1025 2219 Quod
1050 2163 1097 2212 si
1123 2161 1222 2212 soli
1247 2161 1380 2212 laici
1403 2163 1463 2213 in
1490 2160 1582 2212 illo
1609 2162 1843 2212 eocercitu
1855 2160 2118 2228 fuissent,

244 2229 497 2297 forsitan
537 2229 770 2281 ecclesiis
809 2237 855 2281 et
891 2230 1265 2282 ecclesiasticis
1309 2231 1465 2282 rebus
1493 2232 1879 2299 pepercissent.
1952 2229 2119 2281 Nunc

265 2317 380 2350 vero
421 2300 554 2368 quia
583 2299 816 2367 plurimi
853 2301 1154 2351 sacerdotes
1193 2301 1441 2364 aderant,
1478 2300 1616 2351 nulli
1651 2300 1734 2351 rei
1767 2318 1958 2350 sacrae
1974 2316 2117 2367 par-

262 2368 475 2433 cebant,
523 2369 615 2419 sed
664 2367 912 2420 ecclesias
951 2387 1088 2437 quas
1129 2369 1205 2420 vel
1244 2371 1356 2439 ipsi
1392 2369 1472 2420 vel
1492 2369 1733 2437 fratrese
1773 2387 1954 2420 eorum
1991 2386 2113 2420 con-

259 2440 620 2502 secravera'nt,
658 2440 783 2507 iqne
821 2438 1037 2505 nefario
1073 2439 1329 2491 succendi
1352 2439 1623 2503 videbant,
1661 2457 1754 2490 nec
1782 2437 2117 2490 contradice-
2161 2456 2199 2469 ν·

260 2507 404 2558 bant.
485 2507 633 2566 Quid
678 2509 851 2576 iqitur
898 2515 1024 2560 tunc
1073 2508 1207 2560 laici
1241 2508 1526 2576 facerent,
1578 2527 1697 2560 cum
1739 2509 2020 2576 episcopos
2058 2514 2118 2558 ut

259 2577 398 2628 talia
432 2575 631 2641 fierent
681 2579 978 2629 consentire
1030 2578 1106 2628 vel
1155 2580 1313 2629 etiam
1364 2580 1631 2647 instiqare
1668 2578 1928 2629 viderent.
2001 2575 2115 2628 Sed
2168 2578 2204 2644 'f

262 2654 317 2696 ut
355 2647 483 2697 haec
521 2654 672 2714 qesta
711 2648 834 2711 sint,
875 2648 1119 2716 quamvis
1159 2655 1280 2699 ante
1318 2649 1484 2699 simus
1509 2647 1657 2697 ultra
1681 2648 1894 2698 modum
1925 2645 2117 2714 puniti
2166 2644 2194 2700 iv

259 2733 422 2783 quam
471 2715 655 2785 aliquo
702 2717 856 2768 modo
906 2718 967 2767 in
1005 2716 1170 2784 culpa
1207 2715 1440 2786 qualibet
1478 2718 1709 2781 inventi,
1760 2717 2007 2785 quamvis
2046 2714 2113 2766 ab
2158 2728 2186 2779 ,¹

262 2784 371 2836 illis
409 2787 578 2836 simus
628 2786 787 2836 caede
838 2793 884 2836 et
922 2786 1174 2837 incendio
1214 2788 1328 2837 sine
1367 2785 1530 2853 culpa
1568 2787 1796 2850 vastati,
1848 2804 1883 2836 a
1919 2784 2114 2852 quibus

260 2872 356 2905 nos
397 2862 653 2923 oporteret
704 2854 782 2905 vel
818 2857 876 2906 in
916 2863 1101 2923 aperto
1140 2857 1364 2907 crimine
1402 2855 1655 2923 defendi5
1703 2862 1881 2906 tamen
1919 2855 1983 2905 de
2004 2851 2111 2922 fa·
2162 2874 2195 2890 -,-

260 2924 451 2974 cienda
498 2941 635 2990 pace
674 2924 897 2975 consilio
944 2932 1147 2975 vestrae
1175 2926 1401 2992 pietatis
1441 2926 1856 2993 acquiescimus,
1907 2925 1959 2974 si
1994 2941 2111 2975 eam
2148 2932 2174 2979 -,’

245 2991 378 3058 fieri
409 3010 567 3061 posse
606 2995 721 3044 sine
757 2993 990 3044 maioref
1034 2994 1233 3045 damno
1282 3002 1460 3046 nostro
1499 2994 1806 3047 viderimus.
1879 2992 2111 3044 Illarum

249 3064 502 3128 partium
530 3063 817 3130 principes
856 3063 915 3113 in
955 3062 1187 3130 aliquem
1223 3062 1411 3128 locum,
1452 3081 1553 3132 quo
1592 3081 1690 3114 nos
1716 3064 1817 3114 tuti
1833 3063 2110 3131 possimus
2171 3120 2177 3124 ‚

258 3149 533 3182 occurrere
581 3139 823 3196 veniant,
876 3150 1073 3201 nosque
1111 3150 1214 3183 sua
1251 3133 1529 3201 sapientia
1567 3133 1701 3202 quid
1738 3151 1882 3184 nunc
1930 3132 2110 3184 acturi

256 3201 423 3251 simus
462 3200 741 3265 edoceant,
782 3201 913 3269 quia
949 3202 1207 3270 quicquid
1232 3203 1307 3252 eis
1325 3201 1616 3270 placuerit,
1644 3202 1927 3254 dummodo
1953 3200 2106 3252 nobis

255 3343 287 3383 a)
319 3342 440 3374 cordis
468 3343 501 3375 2.
615 3341 652 3382 b)
681 3343 849 3382 pallacio
892 3346 921 3376 1.
963 3344 1003 3383 23
1044 3345 1238 3376 emendavit
1274 3344 1498 3376 Giesebrecht.
1601 3344 1635 3388 c)
1663 3346 1753 3378 deest
1781 3347 1812 3379 1.
1913 3344 1951 3387 d)
1979 3343 2042 3377 vel
2067 3344 2117 3376 2.'

255 3391 289 3431 e)
318 3392 376 3423 vel
408 3400 537 3423 eorum
567 3392 774 3424 confratres
803 3393 1074 3425 dedicaverant
1101 3395 1134 3425 2.
1238 3391 1266 3434 f)
1295 3395 1431 3426 maiori
1462 3395 1495 3426 2.

2168 1686 2204 1734 ἕ..

2168 1721 2204 1987 ἒ

2168 1974 2170 1977 ’
2185 1988 2194 2003 ι

2186 1751 2193 1775 ,μ

2171 1830 2180 1849 J

2159 1949 2167 1959 fi

2160 1974 2204 2193 ’ἓ

2159 2196 2204 2323 ἓ
