2204 3765
262 102 318 142 82
746 101 943 141 BRUNO
978 99 1059 138 DE
1092 99 1287 139 BELLO
1322 98 1630 140 SAXONICO.

136 261 243 294 1078.
263 241 409 292 vobis
457 241 793 292 commissam
841 239 904 289 de
955 256 1058 287 sua
1113 238 1334 287 miseria
1380 239 1630 304 poteritis
1682 237 1935 302 liberare,
2000 238 2114 290 nisi

261 311 605 361 inimicorum
630 308 781 359 illius
810 307 1128 357 inimicitias
1154 305 1326 357 velitis
1353 305 1596 358 tolerare.
1651 307 1929 375 Royamus
1955 308 2112 358 etiam
2163 327 2167 335 ⁴

260 398 328 430 ne
378 381 436 429 in
488 380 582 429 hoc
633 383 835 428 statuta
886 377 1155 426 canonica
1205 374 1423 440 deficere
1461 376 1788 443 patiamini,
1846 383 2112 444 quatenus

261 466 493 516 corpora
532 446 1136 509 ercommunicatorum,
1186 445 1281 513 qui
1326 446 1387 495 in
1421 445 1793 513 persequendo
1831 445 2113 497 ecclesiam

263 518 424 570 occisi
461 523 600 580 sunt,
639 517 697 566 in
737 516 895 565 atriis
933 513 1279 566 ecclesiarum
1325 513 1545 582 sepeliri
1589 515 1981 582 permittatis³,·
2020 514 2114 566 ubi
2163 531 2167 559 ἲ

263 594 437 636 autem
475 584 684 652 sepulta
722 591 863 647 sunt,
905 584 978 635 ibi
1015 584 1209 634 divina
1248 583 1433 651 officia
1471 582 1731 634 celebrari
1757 583 2113 652 prohibeatis.

262 656 424 706 Multi
467 673 532 706 eoe
582 660 653 705 ez‘s
700 655 760 704 in
807 653 1060 722 A·u9usta
1106 654 1318 704 civitate
1364 652 1561 721 sepulti
1607 659 1781 702 suntl.
1854 652 2114 704 Eiusdem
2166 671 2171 676 ·

259 724 364 775 loci
402 722 914 792 conqreyationibus
951 722 1158 774 litteras
1197 729 1400 773 vestras
1427 741 1534 790 per
1571 722 1930 774 discurrentes
1959 739 2114 789 pere·
2164 732 2169 741 “

259 796 448 862 yrinos
485 794 619 843 satis
655 793 857 844 mittere
889 793 1127 860 potestis.
1182 791 1332 842 Deus
1362 799 1537 842 autem
1563 793 1894 859 omnipotens
1931 792 1991 842 in
2029 791 2114 842 his

262 871 308 914 et
359 864 416 913 in
468 861 710 913 omnibus
755 864 835 913 ita
882 879 972 912 vos
1023 861 1259 930 dirigat,
1308 868 1366 911 ut
1412 862 1552 912 sicut
1596 861 1845 913 ecclesiae
1894 867 2113 912 sanctae
2162 878 2164 883 ·

253 950 523 1000 praeesse,
564 932 640 982 sic
677 939 724 981 et
751 931 1012 998 prodesse
1047 929 1292 982 valeatis.

133 1013 241 1045 1079.
404 1002 518 1051 111.
614 1000 847 1051 Tertiam
927 1016 1137 1069 quoque
1200 998 1506 1050 direxerunt
1580 998 1885 1069 epistolam,
1953 1017 2113 1068 quam
2162 999 2163 1006 ’

261 1071 527 1121 iusserunt
563 1070 616 1120 in
654 1068 857 1139 synodo
895 1070 1135 1120 Romana
1170 1070 1407 1135 recitari,
1453 1071 1497 1120 si
1535 1069 1757 1120 doninus
1793 1067 2137 1138 apostolicus?
2167 1087 2201 1113 ‘.

260 1140 347 1192 vel
384 1138 694 1191 universalis
733 1138 984 1190 ecclesiae
1034 1139 1333 1190 interventu
1369 1138 1436 1190 ad
1475 1138 1745 1208 dignitatis
1791 1137 2112 1207 apostolicae

261 1211 490 1279 rigorem
528 1218 579 1261 et
615 1207 953 1261 stabilitatem
991 1209 1197 1277 possetb
1237 1209 1477 1259 excitari:

405 1280 517 1330 112.
597 1280 983 1347 Conquerimur
1020 1278 1167 1329 beato
1205 1278 1358 1329 Petro
1402 1279 1618 1347 eiusque
1665 1279 1875 1329 vicario
1922 1277 2112 1330 domno
2177 1286 2204 1329 25⁷

263 1349 554 1417 apostolico
613 1347 876 1416 Greyorio
947 1349 1193 1416 omnique
1249 1355 1468 1399 sanctae
1524 1349 1807 1399 Romanae
1865 1345 2112 1399 ecclesiae

261 1418 507 1483 concilio,
546 1436 710 1486 super
748 1418 975 1468 iniuriis
1015 1424 1061 1467 et
1087 1416 1369 1482 violentiis,
1409 1435 1545 1486 quas
1572 1437 1606 1468 a
1631 1418 1823 1469 domno
1851 1416 2112 1469 Heinrico

251 1489 415 1556 passi
452 1506 635 1538 sumus
674 1495 719 1538 et
757 1490 1087 1539 incessanter
1113 1488 1381 1555 patimur,
1420 1505 1528 1538 non
1568 1487 1625 1538 ob
1666 1487 1834 1538 aliam
1871 1504 2112 1552 causam,

261 1558 373 1609 nisi
409 1558 550 1626 quod
587 1557 703 1608 sedi
731 1555 1056 1624 apostolicae
1084 1556 1380 1608 obedientes
1408 1574 1606 1607 sumus.
1662 1556 1911 1608 Pervenit
1938 1563 2112 1607 autem

263 1627 338 1678 ad
363 1646 476 1692 nos,
504 1629 564 1678 in
589 1636 607 1660 ⁰
624 1635 813 1677 sancta
841 1627 1047 1697 synodo
1073 1627 1328 1678 Romana
1355 1645 1529 1694 nuper
1555 1626 1774 1678 liabita²
1812 1626 2114 1694 quaesitum

262 1715 372 1748 esse
422 1704 468 1748 et
517 1697 761 1748 dubitari
811 1715 845 1747 a
897 1697 1251 1766 quibusdam,
1302 1703 1483 1747 utrum
1522 1697 1843 1764 praedictus
1891 1697 1980 1747 vir
2023 1693 2112 1747 ille

261 1766 933 1831 eaecommunicandus‘sit,
973 1786 1046 1818 an
1084 1786 1207 1817 non.
1270 1765 1619 1835 Quapropter
1645 1785 1759 1831 nos,
1798 1766 1991 1835 quibus
2027 1783 2112 1816 res

262 1839 371 1888 'ista
407 1838 569 1906 yram
605 1837 968 1905 cooperimento
1006 1837 1305 1887 evidentius
1342 1837 1597 1901 innotuit,
1638 1837 1974 1887 annuntiare
2001 1853 2111 1902 pro
2163 1867 2167 1895 2

262 1914 450 1958 nostra
499 1907 867 1957 aestimatione
905 1907 1134 1975 dignum
1171 1907 1452 1970 duas-imus,
1502 1908 1721 1975 quantis
1766 1904 2113 1957 existentibus

263 1979 446 2028 causis
483 1978 598 2044 ipse
635 1994 743 2027 non
783 1975 952 2028 solum
990 1976 1557 2040 eoccommunicandus,
1596 1976 1688 2028 sed
1724 1973 1905 2027 multis
1940 1975 2114 2026 modis

261 2048 374 2097 iam
414 2064 526 2098 vere
562 2046 662 2097 sitd
700 2048 1208 2100 eoecommunicatuS.
1285 2047 1451 2097 Testis
1489 2054 1564 2097 est
1607 2047 1736 2097 haec
1775 2051 1966 2096 sancta
2001 2044 2110 2096 Ro-

2157 2076 2203 2270 Ξ

261 2135 431 2167 mana
479 2115 723 2179 ecclesia,
779 2134 886 2183 pro
939 2117 1158 2185 quantis
1214 2115 1499 2167 sceleribus
1546 2123 1592 2166 et
1641 2135 1799 2184 quam
1852 2114 2114 2166 inaudita
2162 2150 2171 2182 3

254 2188 700 2254 praesumptione
736 2187 796 2237 in
835 2186 1039 2255 synodo
1077 2187 1307 2238 eiusdem
1345 2185 1595 2237 ecclesiae
1633 2183 1847 2236 vinculo
1888 2183 2110 2235 anatlie-

261 2257 421 2306 matis
459 2256 719 2325 alliyatus
758 2262 846 2319 est,
885 2274 993 2306 non
1024 2257 1191 2324 prius
1229 2263 1421 2320 tamen,
1461 2258 1598 2307 sicut
1635 2273 1697 2305 eoe
1726 2255 1904 2322 ipsius
1931 2253 2116 2304 domni
2162 2262 2201 2333 ᾗ

264 2324 550 2393 apostolici
585 2325 778 2376 litteris
819 2325 1135 2391 didicimus,
1177 2345 1338 2394 quam
1375 2328 1558 2394 ipsum
1592 2324 1762 2375 multa
1801 2324 1941 2375 sedis
1980 2340 2112 2392 apo—

261 2395 476 2447 stolicae
513 2398 718 2446 monita
744 2404 1094 2463 spernentem,
1132 2414 1336 2464 semper
1362 2414 1426 2446 eoe
1452 2396 1780 2463 correptione
1806 2393 2114 2446 deteriorem
2161 2398 2174 2433 Τ
2199 2399 2201 2404 “

258 2465 500 2529 factumd
536 2474 680 2517 essee
713 2465 1007 2535 probatum
1033 2473 1120 2516 est.
1183 2466 1442 2516 Pensetur
1467 2483 1593 2534 erqo
1622 2464 1684 2516 de
1710 2463 1820 2529 illo,
1859 2464 1955 2533 qui
1990 2469 2113 2514 ante
2159 2466 2166 2523 J
2199 2528 2201 2530 v

260 2536 557 2587 triennium
617 2535 1013 2604 incorrigibilis
1058 2537 1311 2586 inventus
1359 2543 1456 2600 est,
1514 2536 1564 2586 si
1610 2533 1768 2602 infra
1816 2533 2114 2584 triennium
2197 2597 2199 2606 Α

260 2605 407 2656 istud
452 2607 528 2656 sic
581 2612 848 2656 correctus
896 2606 1212 2673 resipuerit,
1264 2613 1322 2656 ut
1370 2625 1515 2656 nunc
1561 2605 1624 2656 de
1665 2603 2008 2672 proferenda.
2051 2602 2114 2653 in

69 2687 129 2730 ⁸1³.
159 2675 440 2726 374.illum*
488 2677 750 2727 sententia
789 2675 1037 2726 dubitari
1083 2683 1337 2744 oporteat.
1411 2675 1927 2726 Eoecommunicatus
1969 2690 2116 2741 erqo,

263 2747 398 2796 sicut
449 2746 563 2796 iam
617 2745 882 2811 diximus,
953 2764 1116 2814 quam
1172 2745 1439 2797 diuturna
1496 2745 1810 2813 pertinacia
1859 2741 2115 2794 ultionem

264 2814 617 2883 apostolicam
643 2815 961 2882 despeccerit,
1001 2816 1241 2884 undique
1266 2823 1448 2866 notum
1474 2822 1562 2865 est.
1626 2813 1865 2865 Tandem
1890 2812 2114 2863 necessi-

263 2891 383 2949 tate,
421 2903 556 2952 quae
584 2884 720 2935 nonf
745 2892 819 2935 est
843 2886 1143 2953 incossnita,
1183 2892 1396 2936 coactus
1424 2884 1806 2935 absolutionem
1833 2898 2114 2950 quaerens,

254 2955 421 3021 prius
459 2955 748 3021 impetrare
773 2973 880 3005 non
898 2956 1098 3022 potuit,
1137 2974 1300 3023 quam
1325 2953 1688 3005 iureiurando
1715 2951 1997 3022 pollicitus
2024 2957 2113 3016 est,

262 3041 315 3072 se
363 3023 426 3073 de
476 3023 718 3074 omnibus
768 3024 873 3075 sibi
926 3024 1136 3075 obiectis
1187 3022 1624 3089 satisfacturum,
1668 3030 1838 3090 prout
1885 3021 2151 3072 domnus⁴

252 3111 418 3162 papa
462 3093 566 3144 sibi
611 3100 817 3161 tempus
863 3095 1217 3145 constitueret.
1292 3095 1412 3145 Hac
1461 3093 1775 3145 condicione
1822 3090 2111 3155 absolutus,

262 3163 491 3213 recessit.
570 3161 698 3214 Cum
747 3170 921 3213 autem
970 3163 1269 3232 placuisset
1318 3164 1512 3215 domno
1563 3161 1880 3231 apostolico,
1936 3159 2144 3211 missis-

262 3230 456 3300 leyatis
493 3240 539 3282 et
574 3231 761 3283 litteris
798 3233 974 3302 eoeeyit
1013 3233 1077 3284 ab
1118 3252 1199 3292 eo,
1240 3240 1297 3283 ut
1316 3232 1533 3301 faceret
1569 3233 1714 3302 quod
1750 3228 2144 3283 iureiurando*

262 3343 299 3386 a)
329 3353 406 3376 non
432 3354 470 3384 p.
500 3345 533 3375 2.
636 3343 672 3383 b)
697 3345 813 3384 possit
844 3347 876 3377 l.
993 3345 1026 3385 c)
1055 3346 1147 3376 deest
1176 3347 1208 3375 1.
1310 3344 1347 3386 d)
1375 3346 1466 3376 deest
1494 3348 1527 3378 1.
1606 3343 1640 3385 e)
1665 3345 1755 3376 deest
1783 3345 1816 3378 2.
1891 3341 1923 3383 f)
1950 3350 2052 3374 nnnc
2079 3341 2113 3375 1.

223 3463 228 3467 .
265 3422 312 3477 1)
347 3421 414 3478 C'f.
439 3421 555 3463 Ann.
583 3421 764 3478 Auyust.
802 3438 843 3465 a.
872 3423 1000 3463 1078,
1058 3423 1106 3465 Ρ.
1203 3422 1251 3478 2)
1286 3424 1435 3466 Mense
1458 3423 1703 3466 Februario
1736 3422 1867 3464 huius
1891 3420 2016 3463 anni.
2063 3418 2117 3462 P.
