2204 3765
228 97 335 136 vm
712 91 908 132 BRUNO
941 91 1021 130 DE
1055 89 1248 129 BELLO
1283 88 1589 130 SAXONICO.

230 235 370 285 tione
418 240 601 283 nostra
649 229 877 291 collatio,
928 228 1078 278 nobis
1126 245 1330 295 quoque
1368 244 1476 277 non
1507 246 1697 294 pauca
1736 227 2073 278 emendanda

230 301 414 354 relicta
436 300 618 368 fuisse
658 298 904 350 ostendet.

367 372 559 422 Bruno
601 369 811 419 initium
855 367 991 416 anni
1028 383 1062 414 a
1099 366 1380 416 nativitate
1418 363 1644 414 Domini
1680 373 1998 433 computat&

1612 446 1676 498 G.
1716 449 1785 498 H.
1822 449 2074 500 PERTZ.

369 667 576 717 socam
617 665 901 715 Brunonis
949 663 1231 714 editionem
1269 670 1479 730 petente
1531 660 1593 712 G.
1643 660 1811 713 Waitz
1860 677 2072 730 suscep-

231 745 410 799 turus,
467 753 598 785 «usus
654 753 772 784 sum
827 733 979 783 unici
1033 733 1233 782 codicis
1287 732 1591 800 Lipsiensis
1648 728 1927 781 collatione
1973 748 2077 797 per

234 806 301 856 II.
341 803 479 855 Kohl
519 823 567 853 a.
612 803 759 855 1876.
800 801 1090 870 diligenter
1109 800 1293 868 facta,
1333 820 1494 870 quam
1531 801 1605 851 W.
1633 799 1814 850 Arndt
1852 799 2075 868 benique

231 875 361 924 mihi
407 875 797 936 transmiserat,
850 890 958 922 non
997 872 1111 921 sine
1132 870 1337 940 fru9e;
1388 870 1588 922 Pertzii
1635 871 1776 921 enim
1815 875 2076 920 accurata

231 943 550 1005 sollicitudo,
608 962 720 992 cum
775 941 1029 1009 pleraque
1080 947 1214 991 recte
1265 940 1606 1004 emendasset,
1654 957 1847 1007 pauca
1901 945 2076 988 tamen

233 1013 420 1080 aliqua
469 1019 526 1062 ut
551 1012 619 1077 fit
659 1011 980 1080 neyleoeerat.
1055 1009 1162 1061 Sed
1210 1029 1328 1060 cum
1376 1009 1541 1060 dubia
1594 1009 1859 1077 quaedam
1898 1008 2076 1059 adhuc

230 1089 509 1145 restarent,
551 1083 727 1149 ipsum
768 1080 997 1131 codicem
1037 1098 1071 1129 a
1105 1079 1155 1130 V.
1189 1078 1240 1132 C.
1268 1077 1502 1146 Ludoifo
1529 1076 1710 1142 Krehl,
1740 1077 2079 1129 bibliothecae

232 1171 302 1202 un
316 1153 606 1202 iversitatis
632 1152 935 1219 Lipsiensis
955 1147 1247 1217 praefecto,
1287 1150 1523 1218 yratiose
1549 1149 1928 1198 transmissum
1956 1146 2078 1197 dili-

232 1228 415 1290 gJenter
452 1221 694 1271 adhibui.
775 1219 1009 1272 Ceterum
1046 1220 1187 1269 inter
1221 1219 1384 1269 libros
1417 1218 1733 1269 monasterii
1767 1217 1823 1268 S.
1853 1216 2081 1268 Tliomae

232 1291 534 1359 Lipsiensis
559 1293 707 1341 circa
743 1310 791 1340 a.
825 1290 971 1340 1300.
1004 1295 1440 1339 commemoratur
1479 1287 1625 1337 ‘liber
1650 1286 1920 1338 Samonici
1945 1283 2080 1336 belli'

232 1362 290 1411 in
323 1358 446 1411 Cod.
474 1360 626 1428 Dipl.
658 1359 940 1411 Savoeoniae
965 1358 1172 1426 Reyiae
1198 1357 1272 1422 II,
1312 1356 1360 1420 9,
1396 1375 1454 1424 p.
1498 1355 1611 1420 163,
1652 1375 1684 1406 a
1711 1374 1813 1423 quo
1841 1362 2081 1407 nostrum

233 1431 555 1498 descriptum
599 1448 706 1480 esse
733 1436 910 1496 putes.
985 1428 1169 1477 Huius
1206 1427 1471 1496 specimen
1517 1426 1661 1477 dedit
1697 1425 1938 1475 Pertzius
1977 1423 2080 1476 SS.

242 1498 343 1550 I'ol.
390 1499 466 1564 V.‚
530 1499 684 1550 aliud
745 1499 919 1549 maius
966 1515 1142 1566 nuper
1181 1495 1412 1564 protulit
1458 1495 1531 1545 W.
1581 1493 1763 1545 Arndt
1809 1497 1869 1545 in
1918 1493 2082 1545 lib-ro.-

233 1570 413 1621 ‘Schri
443 1567 634 1637 ttafeln
673 1588 791 1619 zum
831 1567 1113 1618 Gebrauch
1153 1566 1234 1618 bei
1284 1564 1652 1634 Vorlesunyen'
1692 1571 1782 1615 etc.
1820 1563 1925 1614 tab.
1964 1563 2047 1615 60.

406 1658 435 1688 n
464 1658 603 1690 nova
633 1638 732 1689 hac
759 1639 987 1689 editione
1014 1638 1202 1687 varias
1229 1635 1471 1687 codicum
1507 1634 1769 1698 lectiones,
1806 1635 1866 1685 in
1894 1633 2085 1702 priori

236 1708 358 1759 olim
398 1710 642 1774 omissas,
692 1707 1042 1758 annotandas
1079 1707 1408 1769 curavimus,
1447 1704 1540 1755 sed
1577 1722 1666 1755 eas
1701 1710 1911 1754 tantum
1949 1721 2084 1772 quae

237 1777 471 1828 alicuius
501 1781 743 1829 momenti
769 1797 876 1828 esse
902 1776 1227 1827 viderentur.
1294 1776 1506 1826 Omissa
1533 1781 1660 1824 sunt
1679 1772 2084 1842 quamplurima

234 1848 433 1899 codicis
475 1849 500 1898 1
540 1849 752 1913 menda,
796 1848 882 1897 ubi
921 1846 982 1896 de
1020 1864 1148 1896 vera
1184 1845 1402 1896 lectione
1439 1844 1661 1895 dubium
1699 1862 1805 1893 esse
1843 1860 1952 1892 non
1983 1860 2082 1910 po-

233 1925 397 1982 terat‚·
431 1926 719 1986 praeterea
758 1915 1153 1985 orthographia
1203 1915 1275 1965 ad
1315 1914 1642 1981 antiquioris
1682 1913 1802 1963 aevi
1839 1929 2085 1963 normam

236 1988 346 2038 iam
386 2007 418 2037 a
457 1988 660 2038 Pertzio
698 1995 771 2038 est
806 1985 1117 2054 reformata.

374 2057 623 2109 Berolvmi
661 2078 724 2108 m.
765 2057 906 2125 Au9.
950 2053 1097 2106 1879.
1355 2052 1427 2103 ΠῘ.
1477 2049 2013 2133 WATTENBACH.

242 2189 285 2245 1)
323 2190 387 2245 Cf.
425 2207 463 2232 a.
503 2193 812 2232 1076-1081.
850 2205 944 2244 cap.
984 2190 1081 2229 131.
