2204 3765
558 103 756 144 BRUNO
788 104 869 144 DE
900 103 1095 144 BELLO
1131 101 1441 144 SAXONICO.
1899 109 1924 146 5

84 255 235 289 suam
271 238 429 289 etiam
480 257 602 290 cum
639 241 883 304 senuerit,
933 258 1040 291 non
1087 240 1296 292 recedet
1332 239 1399 290 ab
1428 242 1518 304 ea',
1558 251 1630 292 et:
1676 241 1926 293 ‘Odorem

85 324 240 376 quem
281 308 441 359 semel
465 308 735 362 imbiberit
759 327 941 361 recens
967 315 1114 372 testa,
1154 308 1245 358 diu
1271 306 1513 360 servabit'
1530 319 1561 359 ¹.
1624 309 1741 360 Hac
1767 311 1928 378 igitur

83 376 322 445 episcopi
356 395 462 427 non
500 377 789 446 episcopali
828 377 1069 428 doctrina
1105 395 1200 427 rex
1236 378 1291 427 in
1328 378 1564 446 nequitia
1591 378 1927 444 confortatus,

82 445 179 496 ivit
214 463 310 514 per
344 445 624 497 libidinum
672 447 1000 516 praecipitia,
1051 446 1185 496 sicut
1231 464 1396 514 equus
1436 454 1486 496 et
1524 445 1696 497 mulus
1737 448 1929 499 (uibus
1947 459 2125 498 Ps·31‚9-

81 531 186 565 non
233 522 312 565 est
358 514 677 581 intellectus3
729 524 781 566 et
830 515 917 582 qui
967 513 1251 564 multorum
1296 532 1391 564 rex
1442 523 1553 566 erat
1599 471 1929 584 populorum,

79 582 325 635 thronum
371 585 548 652 posuit
593 586 648 635 in
697 602 752 634 se
800 582 1021 646 libidini,
1069 592 1377 633 cunctorum
1415 584 1630 651 reginae
1667 586 1929 636 vitiorum.

223 653 270 704 6.
343 652 506 704 Binas
543 652 628 704 vel
664 661 839 703 ternas
879 650 1036 701 simul
1074 650 1397 702 concubinas
1435 651 1688 718 habebat3
1727 671 1824 704 nec
1851 654 1930 705 his

82 728 375 788 contentus,
428 723 808 791 cuiuscumque
854 719 1014 769 filiam
1064 719 1147 770 vel
1190 738 1412 771 uxorem
1461 722 1703 772 iuvenem
1743 732 1794 773 et
1830 723 1930 773 for-

79 807 284 840 mosam
322 790 577 855 audierat,
617 791 661 841 si
700 789 882 840 seduci
920 806 1026 839 non
1064 798 1285 857 poterat,
1326 789 1424 840 sibi
1461 789 1712 842 violenter
1737 791 1930 843 adduci

77 860 457 929 praecipiebat.
530 858 833 927 Aliquando
884 859 1041 908 etiam
1087 860 1201 927 ipse
1239 877 1343 909 uno
1383 859 1492 910 sive
1532 859 1737 910 duobus
1777 861 1931 910 comi-

77 935 233 994 tatus,
280 929 374 980 ubi
421 926 550 979 tales
601 946 716 979 esse
755 935 1090 994 cognoverat,
1140 928 1195 977 in
1232 937 1384 979 nocte
1423 928 1704 996 pergebat3
1756 938 1805 979 ct
1843 928 1932 978 ali-

20 1062 26 1067 ,
80 996 293 1066 quando
339 997 449 1048 voti
500 997 581 1047 sui
627 995 753 1047 mali
800 1013 1015 1064 compos
1066 996 1306 1062 efficitur,
1357 996 1637 1065 aliquando
1675 1016 1800 1047 vero
1839 1000 1932 1048 vix

79 1063 387 1134 effugiebat,
437 1084 502 1116 ne
553 1084 584 1116 a
626 1065 933 1135 parentibus
971 1074 1175 1116 amatae
1214 1067 1325 1116 sive
1363 1067 1549 1117 marito
1589 1066 1931 1118 occideretur.

77 1135 318 1187 Uxorem
365 1153 532 1201 suam,
587 1153 745 1204 quam
789 1133 1021 1185 nobilem
1061 1144 1112 1185 et
1149 1134 1383 1204 pulcram
1425 1135 1754 1186 suasionibus
1793 1136 1931 1202 prin-

79 1204 258 1272 cipum
296 1205 492 1255 invitus
532 1204 770 1270 duxerat,
819 1204 893 1254 sic
932 1220 1149 1254 exosam
1186 1202 1431 1268 habebat,
1473 1212 1529 1254 ut
1565 1212 1684 1272 post
1721 1204 1931 1271 nuptias

79 1272 370 1325 celebratas
409 1291 527 1324 eam
567 1285 752 1342 sponte
792 1291 888 1324 sua
922 1290 1214 1342 numquam
1239 1272 1443 1323 videret
1459 1281 1493 1336 2,
1533 1273 1688 1341 quiaa
1715 1282 1764 1324 et
1790 1274 1932 1341 ipsas

77 1343 291 1412 nuptias
341 1360 448 1393 non
495 1353 681 1411 sponte
731 1360 826 1393 sua
877 1341 1251 1394 celebraverat.
1336 1341 1482 1410 Ergo
1533 1341 1710 1392 multis
1761 1342 1931 1392 modis

79 1430 196 1464 eam
235 1430 265 1463 a
303 1431 356 1464 se
405 1430 649 1481 separare
699 1410 1001 1481 quaerebat,
1039 1420 1099 1462 ut
1145 1420 1271 1462 tunc
1310 1412 1461 1479 quasi
1500 1410 1716 1461 licenter
1752 1409 1933 1461 illicita

75 1480 292 1548 faceret,
331 1500 452 1532 cum
489 1481 603 1547 hoc,
647 1481 790 1550 quod
827 1479 1036 1545 licebat,
1075 1481 1379 1548 coniugium
1418 1498 1522 1530 non
1561 1479 1790 1531 haberet.

219 1552 266 1602 7.
340 1550 588 1618 Denique
643 1550 852 1601 cuidam
909 1549 974 1600 de
1029 1552 1137 1600 suis
1191 1548 1562 1614 familiaribus,
1620 1558 1676 1599 ut
1732 1557 1931 1616 peteret

76 1620 291 1688 reginae
339 1620 676 1671 concubitum
724 1619 1009 1688 praecepit,
1058 1636 1414 1686 magnumque
1454 1618 1501 1669 ei
1539 1618 1848 1686 praemium,
1888 1618 1931 1667 si

76 1689 335 1758 potiretur
373 1707 451 1754 eo,
489 1690 745 1757 promisit,
786 1688 926 1757 quod
963 1687 1084 1739 inde
1120 1687 1260 1737 illam
1287 1705 1393 1737 non
1420 1696 1728 1753 negaturam
1757 1703 1931 1754 spera-

76 1759 184 1823 bat,
225 1758 350 1826 quia
385 1757 663 1809 iuvencula
688 1759 860 1808 virum
887 1766 1120 1824 experta,
1159 1757 1265 1805 iam
1295 1757 1446 1823 quasi
1473 1756 1678 1806 deserta
1703 1755 1930 1805 vivebat.

76 1827 281 1896 Regina
328 1845 453 1878 vero
499 1826 596 1878 sub
644 1827 871 1878 femineo
920 1843 1138 1893 corpore
1177 1842 1266 1875 cor
1300 1825 1499 1876 habens
1536 1823 1706 1885 virile,
1756 1823 1932 1874 statim

79 1895 144 1948 de
197 1913 301 1965 quo
351 1896 494 1947 fonte
544 1895 822 1947 consilium
861 1894 961 1945 hoc
1001 1901 1268 1944 emanaret
1302 1892 1575 1944 intellexit.
1651 1892 1721 1942 Et
1758 1892 1931 1960 primo

79 1965 293 2035 quidem
341 1964 486 2018 velut
531 1965 805 2033 indignata
853 1965 1087 2032 negavit,
1137 1962 1230 2013 sed
1276 1964 1414 2013 sicut
1459 1960 1543 2012 ille
1593 1961 1933 2030 pertinaciter

78 2035 212 2086 sicut
259 2035 574 2103 praedoctus
621 2044 733 2086 erat
781 2035 1012 2098 instaret,
1061 2033 1202 2101 quod
1249 2031 1537 2101 rogabatur
1586 2048 1673 2082 ore
1726 2039 1932 2081 tantum

77 2105 334 2173 promisit.
395 2103 488 2156 Ille
525 2102 944 2173 gratulabundus
981 2120 1093 2153 rem
1129 2102 1243 2169 regi
1282 2102 1503 2164 nuntiat,
1542 2108 1594 2151 et
1617 2100 1801 2150 horam
1829 2115 1934 2167 qua

75 2174 400 2244 perficienda
454 2181 592 2225 esset
645 2172 861 2224 indicat.
947 2172 1065 2222 Rex
1112 2188 1238 2221 vero
1293 2169 1460 2221 laetus
1507 2169 1576 2220 ad
1630 2167 1932 2219 cubiculum

77 2243 292 2312 reginae
331 2242 486 2293 simul
522 2261 643 2293 cum
680 2241 918 2293 adultero
956 2240 1149 2310 pergit,
1185 2248 1243 2290 ut
1280 2239 1405 2290 dum
1445 2256 1533 2289 eos
1570 2238 1768 2306 pariter
1794 2254 1932 2287 com-

78 2313 290 2364 misceri
334 2314 449 2381 ipse
497 2311 717 2377 videret,
765 2329 881 2362 eam
918 2328 948 2359 a
987 2328 1081 2360 suo
1122 2309 1369 2376 coniugio
1412 2306 1649 2376 legaliter
1684 2306 1931 2370 abiceret,

77 2380 162 2432 vel
199 2382 373 2446 etiam,
413 2381 555 2450 quod
592 2381 762 2449 magis
798 2378 1023 2444 volebat,
1071 2377 1349 2429 occideret.
1425 2377 1530 2427 Sed
1570 2395 1691 2426 cum
1728 2374 1933 2426 adulter

77 2451 146 2502 ad
181 2449 413 2501 hostium
459 2452 673 2518 reginae
720 2448 970 2517 pulsaret,
1020 2457 1072 2498 et
1108 2447 1231 2498 huic
1278 2446 1367 2496 illa
1402 2444 1653 2496 velociter
1689 2445 1929 2512 aperiret,

79 2538 178 2572 rex
215 2521 404 2571 timens
443 2537 509 2569 ne
546 2518 635 2569 illo
673 2519 819 2585 prius
858 2517 1159 2567 intromisso
1185 2517 1298 2584 ipse
1325 2513 1710 2577 excluderetur,
1740 2513 1931 2563 ostium

79 2589 316 2640 concitus
370 2588 573 2656 irrupit.
661 2587 832 2651 Quem
887 2587 1072 2654 regina
1132 2602 1446 2653 agnoscenS‚
1508 2582 1743 2634 adultero
1805 2581 1929 2631 foris

76 2657 259 2710 relicto
295 2660 508 2709 ianuam
546 2657 797 2708 citissime
837 2653 1037 2718 clausit,
1078 2661 1129 2704 et
1165 2654 1272 2704 suis
1308 2652 1604 2720 virginibus
1631 2651 1930 2701 convocatis

79 2745 200 2780 eum
250 2728 475 2778 scamnis
527 2734 577 2777 et
623 2724 844 2790 baculis,
896 2741 1030 2793 quae
1080 2739 1227 2773 arma
1275 2721 1343 2772 ad
1393 2721 1494 2771 hoc
1532 2719 1830 2786 collegerat,
1875 2719 1929 2767 in

78 2803 280 2848 tantum
329 2795 653 2860 verberavit,
711 2804 770 2846 ut
828 2812 948 2845 eum
994 2792 1356 2843 semianimem
1408 2789 1753 2859 relinqueret:
1811 2785 1932 2838 ‘Fili

78 2866 401 2931 meretricis',
449 2864 741 2935 inquiensb,
790 2862 944 2914 ‘unde
982 2862 1078 2913 tibi
1114 2860 1244 2912 haec
1281 2859 1520 2923 audacia,
1569 2866 1659 2908 utc
1698 2857 1928 2924 reginae,

80 2953 218 3004 quae
265 2935 611 2986 fortissimum
656 2932 816 2984 habet
867 2932 1130 2996 maritum,
1182 2946 1421 2998 sperares
1459 2924 1763 2980 adulteria?
1836 2923 1929 2976 Ille

80 3004 270 3056 clamat
307 3023 361 3055 se
399 3022 513 3055 esse
538 3003 866 3066 Heinricum,
907 3019 960 3051 se
999 3019 1111 3052 esse
1136 2999 1302 3067 ipsius
1328 2999 1593 3062 maritum,
1622 3015 1675 3047 se
1702 2993 1929 3045 voluisse

78 3073 404 3143 *legitimum
450 3073 562 3125 eius
609 3070 965 3123 concubitum.
1037 3067 1134 3120 Illa
1180 3066 1447 3132 reclamat,
1495 3066 1633 3116 hunc
1672 3081 1777 3114 non
1815 3081 1927 3113 esse
1944 3080 2111 3124 *p,332.

77 3191 115 3234 a)
144 3193 267 3231 Quia.
285 3217 292 3224 .
311 3215 319 3223 .
345 3201 433 3231 ergo
451 3194 483 3223 1.
562 3190 602 3232 b)
630 3192 680 3222 ita
706 3186 773 3229 lb;
801 3191 891 3221 deest
919 3191 957 3227 1;
986 3190 1113 3226 inquit
1141 3188 1173 3219 2.
1254 3185 1287 3226 c)
1303 3190 1344 3218 ut
1374 3205 1414 3210 --
1445 3185 1632 3217 adulteria
1658 3184 1782 3214 desunt
1812 3176 1923 3221 1.1b;

85 3333 131 3389 1)
163 3334 326 3375 Horat.
359 3333 503 3387 Epist.
537 3333 577 3381 I,
612 3334 652 3383 2,
691 3334 759 3373 70.
815 3332 867 3372 P.
1012 3329 1060 3383 2)
1087 3330 1214 3370 Anno
1249 3330 1423 3370 demum
1459 3328 1587 3367 1071.
1609 3324 1755 3378 filium
1790 3337 1841 3364 ea:
1874 3336 1926 3363 ea

77 3395 188 3435 tulit.
225 3395 275 3435 P.
